<record><header><identifier>oai:alma.41SLSP_UGE:991000004549705502</identifier><datestamp>2023-03-06T01:09:57Z</datestamp><setSpec>uge_bcen_RapidILL_BOOK</setSpec><setSpec>uge_aaca_RapidILL_BOOK</setSpec><setSpec>uge_abels_RapidILL_BOOK</setSpec><setSpec>uge_dbu_RapidILL_BOOK</setSpec><setSpec>uge_cmu_RapidILL_BOOK</setSpec><setSpec>uge_mail_RapidILL_BOOK</setSpec><setSpec>uge_abbat_RapidILL_BOOK</setSpec><setSpec>UNIGE_ALL</setSpec><setSpec>uge_acar_RapidILL_BOOK</setSpec><setSpec>uge_aobs_RapidILL_BOOK</setSpec></header><metadata>
<record xmlns="http://www.loc.gov/MARC21/slim" xmlns:xsi="http://www.w3.org/2001/XMLSchema-instance" xsi:schemaLocation="http://www.loc.gov/MARC21/slim http://www.loc.gov/standards/marcxml/schema/MARC21slim.xsd"><leader>01404nam a22003497c 4500</leader><controlfield tag="001">991000004549705502</controlfield><controlfield tag="005">20230305062503.0</controlfield><controlfield tag="008">150226s2013    xxu||||| |||| 00| ||eng d</controlfield><datafield ind1=" " ind2=" " tag="020"><subfield code="a">9781563685552</subfield></datafield><datafield ind1=" " ind2=" " tag="035"><subfield code="a">(swissbib)121253961-41slsp_network</subfield></datafield><datafield ind1=" " ind2=" " tag="035"><subfield code="a">121253961</subfield><subfield code="9">ExL</subfield></datafield><datafield ind1=" " ind2=" " tag="035"><subfield code="a">(RERO)R008081285-41slsp</subfield></datafield><datafield ind1=" " ind2=" " tag="035"><subfield code="a">(EXLNZ-41SLSP_NETWORK)991121861759705501</subfield></datafield><datafield ind1=" " ind2=" " tag="040"><subfield code="a">DE-603</subfield><subfield code="d">CH-ZuSLS</subfield></datafield><datafield ind1=" " ind2="7" tag="072"><subfield code="a">lg</subfield><subfield code="2">rero</subfield></datafield><datafield ind1="1" ind2=" " tag="100"><subfield code="a">Shaw, Sherry</subfield><subfield code="0">(IDREF)170283127</subfield><subfield code="4">cre</subfield></datafield><datafield ind1="1" ind2="0" tag="245"><subfield code="a">Service learning in interpreter education</subfield><subfield code="b">strategies for extending student involvement in the deaf community</subfield><subfield code="c">Sherry Shaw</subfield></datafield><datafield ind1=" " ind2="1" tag="264"><subfield code="a">Washington, DC</subfield><subfield code="b">Gallaudet University Press</subfield><subfield code="c">2013</subfield></datafield><datafield ind1=" " ind2=" " tag="300"><subfield code="a">xvii, 240 p.</subfield><subfield code="c">24 cm</subfield></datafield><datafield ind1=" " ind2=" " tag="336"><subfield code="b">txt</subfield><subfield code="2">rdacontent</subfield></datafield><datafield ind1=" " ind2=" " tag="337"><subfield code="b">n</subfield><subfield code="2">rdamedia</subfield></datafield><datafield ind1=" " ind2=" " tag="338"><subfield code="b">nc</subfield><subfield code="2">rdacarrier</subfield></datafield><datafield ind1="1" ind2=" " tag="490"><subfield code="a">Interpreter education series</subfield><subfield code="v">v. 6</subfield></datafield><datafield ind1=" " ind2=" " tag="504"><subfield code="a">Includes bibliographical references (pages [196]-204)and index</subfield></datafield><datafield ind1=" " ind2="7" tag="650"><subfield code="a">Langue des signes</subfield><subfield code="0">(IDREF)030946506</subfield><subfield code="2">idref</subfield></datafield><datafield ind1=" " ind2="7" tag="650"><subfield code="a">Traduction</subfield><subfield code="0">(IDREF)027254275</subfield><subfield code="2">idref</subfield></datafield><datafield ind1=" " ind2="7" tag="650"><subfield code="a">Sourds</subfield><subfield code="0">(IDREF)027599981</subfield><subfield code="2">idref</subfield></datafield><datafield ind1=" " ind2="7" tag="650"><subfield code="a">Formation professionnelle</subfield><subfield code="0">(IDREF)027276643</subfield><subfield code="2">idref</subfield></datafield><datafield ind1="4" ind2="2" tag="856"><subfield code="u">http://scans.hebis.de/HEBCGI/show.pl?33177690_toc.pdf</subfield><subfield code="3">Inhaltsverzeichnis</subfield></datafield><datafield ind1=" " ind2="0" tag="830"><subfield code="a">Interpreter education series</subfield><subfield code="v">6</subfield><subfield code="w">(RERO)R008081237-41slsp</subfield></datafield><datafield ind1=" " ind2=" " tag="900"><subfield code="a">REROnoselfmerge</subfield></datafield><datafield ind1=" " ind2=" " tag="910"><subfield code="a">HEBIS</subfield><subfield code="b">20150226</subfield><subfield code="c">Droits réservés</subfield></datafield><datafield ind1=" " ind2=" " tag="949"><subfield code="a">http://scans.hebis.de/HEBCGI/show.pl?33177690_toc.pdf</subfield></datafield></record>
</metadata></record>