<record><header><identifier>oai:alma.41SLSP_UGE:991000004859705502</identifier><datestamp>2024-09-21T00:23:33Z</datestamp><setSpec>uge_bcen_RapidILL_BOOK</setSpec><setSpec>uge_aaca_RapidILL_BOOK</setSpec><setSpec>uge_abels_RapidILL_BOOK</setSpec><setSpec>uge_dbu_RapidILL_BOOK</setSpec><setSpec>uge_cmu_RapidILL_BOOK</setSpec><setSpec>uge_mail_RapidILL_BOOK</setSpec><setSpec>uge_abbat_RapidILL_BOOK</setSpec><setSpec>UNIGE_ALL</setSpec><setSpec>uge_acar_RapidILL_BOOK</setSpec><setSpec>uge_aobs_RapidILL_BOOK</setSpec></header><metadata>
<record xmlns="http://www.loc.gov/MARC21/slim" xmlns:xsi="http://www.w3.org/2001/XMLSchema-instance" xsi:schemaLocation="http://www.loc.gov/MARC21/slim http://www.loc.gov/standards/marcxml/schema/MARC21slim.xsd"><leader>01711nam a2200373 c 4500</leader><controlfield tag="001">991000004859705502</controlfield><controlfield tag="005">20240920211517.0</controlfield><controlfield tag="008">201011s1982    fr ||||| |||| 00| ||fre d</controlfield><datafield ind1=" " ind2=" " tag="020"><subfield code="a">2854540352</subfield></datafield><datafield ind1=" " ind2=" " tag="035"><subfield code="a">(swissbib)229970672-41slsp_network</subfield></datafield><datafield ind1=" " ind2=" " tag="035"><subfield code="a">229970672</subfield><subfield code="9">ExL</subfield></datafield><datafield ind1=" " ind2=" " tag="035"><subfield code="a">(RERO)R008660012-41slsp</subfield></datafield><datafield ind1=" " ind2=" " tag="035"><subfield code="a">(IDSBB)006752986DSV01</subfield></datafield><datafield ind1=" " ind2=" " tag="035"><subfield code="a">(NEBIS)000259515EBI01</subfield></datafield><datafield ind1=" " ind2=" " tag="035"><subfield code="a">(EXLNZ-41SLSP_NETWORK)991114362709705501</subfield></datafield><datafield ind1=" " ind2=" " tag="040"><subfield code="a">FRBNF</subfield><subfield code="d">CH-ZuSLS</subfield></datafield><datafield ind1=" " ind2="7" tag="072"><subfield code="a">st</subfield><subfield code="2">rero</subfield></datafield><datafield ind1="1" ind2=" " tag="100"><subfield code="a">Atrops, François</subfield><subfield code="0">(RERO)A006118198</subfield><subfield code="4">cre</subfield></datafield><datafield ind1="1" ind2="0" tag="245"><subfield code="a">&lt;&lt;La&gt;&gt; sous-famille des Ataxioceratinae (Ammonitina) dans le Kimméridgien inférieur du Sud-Est de la France</subfield><subfield code="b">systématique, évolution, chronostratigraphie des genres Orthosphinctes et Ataxioceras</subfield><subfield code="c">par François Atrops</subfield></datafield><datafield ind1=" " ind2="1" tag="264"><subfield code="a">Villeurbanne</subfield><subfield code="b">Département des sciences de la terre de l'Université Claude-Bernard</subfield><subfield code="c">1982</subfield></datafield><datafield ind1=" " ind2=" " tag="300"><subfield code="a">462 p., pl. dont 4 p. dépl.</subfield><subfield code="b">ill.</subfield><subfield code="c">30 cm</subfield></datafield><datafield ind1=" " ind2=" " tag="336"><subfield code="b">txt</subfield><subfield code="2">rdacontent</subfield></datafield><datafield ind1=" " ind2=" " tag="337"><subfield code="b">n</subfield><subfield code="2">rdamedia</subfield></datafield><datafield ind1=" " ind2=" " tag="338"><subfield code="b">nc</subfield><subfield code="2">rdacarrier</subfield></datafield><datafield ind1="1" ind2=" " tag="490"><subfield code="a">Documents des laboratoires de géologie Lyon</subfield><subfield code="v">no 83</subfield></datafield><datafield ind1=" " ind2=" " tag="500"><subfield code="a">Bibliogr. p. 341-352. Index</subfield></datafield><datafield ind1=" " ind2=" " tag="500"><subfield code="a">Résumés en français, anglais et allemand</subfield></datafield><datafield ind1=" " ind2="7" tag="650"><subfield code="a">JURA (STRATIGRAPHIE)</subfield><subfield code="9">ger</subfield><subfield code="0">(ETHUDK)000020485</subfield><subfield code="2">ethudk</subfield></datafield><datafield ind1=" " ind2="7" tag="650"><subfield code="a">SÜDOSTFRANKREICH</subfield><subfield code="9">ger</subfield><subfield code="0">(ETHUDK)000003277</subfield><subfield code="2">ethudk</subfield></datafield><datafield ind1="2" ind2=" " tag="710"><subfield code="a">Laboratoires de géologie</subfield><subfield code="g">Villeurbanne, Rhône</subfield><subfield code="0">(IDREF)026566095</subfield></datafield><datafield ind1=" " ind2=" " tag="830"><subfield code="a">Documents des Laboratoires de géologie, Lyon</subfield><subfield code="v">83</subfield><subfield code="w">(IDSBB)000377021DSV01</subfield></datafield><datafield ind1=" " ind2=" " tag="830"><subfield code="a">Documents des laboratoires de géologie Lyon</subfield><subfield code="v">83</subfield><subfield code="w">(RERO)1036614-41slsp</subfield></datafield><datafield ind1=" " ind2=" " tag="830"><subfield code="a">Documents des Laboratoires de Géologie Lyon</subfield><subfield code="v">83</subfield><subfield code="w">(NEBIS)000029803EBI01</subfield></datafield><datafield ind1=" " ind2=" " tag="900"><subfield code="a">REROnoselfmerge</subfield></datafield><datafield ind1=" " ind2=" " tag="910"><subfield code="a">BNF</subfield><subfield code="b">20170531</subfield><subfield code="c">Droits réservés</subfield></datafield></record>
</metadata></record>