<record><header><identifier>oai:alma.41SLSP_UGE:991000004749705502</identifier><datestamp>2023-05-05T00:12:55Z</datestamp><setSpec>uge_bcen_RapidILL_BOOK</setSpec><setSpec>uge_aaca_RapidILL_BOOK</setSpec><setSpec>uge_abels_RapidILL_BOOK</setSpec><setSpec>uge_dbu_RapidILL_BOOK</setSpec><setSpec>uge_cmu_RapidILL_BOOK</setSpec><setSpec>uge_mail_RapidILL_BOOK</setSpec><setSpec>uge_abbat_RapidILL_BOOK</setSpec><setSpec>UNIGE_ALL</setSpec><setSpec>uge_acar_RapidILL_BOOK</setSpec><setSpec>uge_aobs_RapidILL_BOOK</setSpec></header><metadata>
<record xmlns="http://www.loc.gov/MARC21/slim" xmlns:xsi="http://www.w3.org/2001/XMLSchema-instance" xsi:schemaLocation="http://www.loc.gov/MARC21/slim http://www.loc.gov/standards/marcxml/schema/MARC21slim.xsd"><leader>01650nam a2200469 c 4500</leader><controlfield tag="001">991000004749705502</controlfield><controlfield tag="005">20230505115133.0</controlfield><controlfield tag="008">201011s1981    sp ||||| |||| 00| ||spa d</controlfield><datafield ind1=" " ind2=" " tag="020"><subfield code="a">8470393820</subfield></datafield><datafield ind1=" " ind2=" " tag="035"><subfield code="a">(swissbib)223944971-41slsp_network</subfield></datafield><datafield ind1=" " ind2=" " tag="035"><subfield code="a">223944971</subfield><subfield code="9">ExL</subfield></datafield><datafield ind1=" " ind2=" " tag="035"><subfield code="a">(RERO)0481639-41slsp</subfield></datafield><datafield ind1=" " ind2=" " tag="035"><subfield code="a">(NEBIS)003114327EBI01</subfield></datafield><datafield ind1=" " ind2=" " tag="035"><subfield code="a">(IDSBB)000720062DSV01</subfield></datafield><datafield ind1=" " ind2=" " tag="035"><subfield code="a">(EXLNZ-41SLSP_NETWORK)991073353779705501</subfield></datafield><datafield ind1=" " ind2=" " tag="040"><subfield code="a">RERO</subfield><subfield code="d">CH-ZuSLS</subfield></datafield><datafield ind1=" " ind2="7" tag="072"><subfield code="a">es</subfield><subfield code="2">rero</subfield></datafield><datafield ind1=" " ind2="7" tag="072"><subfield code="a">es</subfield><subfield code="2">SzZuIDS BS/BE</subfield></datafield><datafield ind1="1" ind2=" " tag="080"><subfield code="a">860&quot;16&quot;QUE3</subfield></datafield><datafield ind1="0" ind2="0" tag="082"><subfield code="a">868/.309</subfield><subfield code="2">19</subfield></datafield><datafield ind1="0" ind2="4" tag="082"><subfield code="a">861.39</subfield><subfield code="b">Q59ob</subfield></datafield><datafield ind1="0" ind2="4" tag="082"><subfield code="a">868.308</subfield></datafield><datafield ind1="1" ind2="4" tag="082"><subfield code="a">863.3</subfield><subfield code="2">22</subfield></datafield><datafield ind1=" " ind2=" " tag="084"><subfield code="a">IO 5801</subfield><subfield code="2">rvk</subfield></datafield><datafield ind1="1" ind2=" " tag="100"><subfield code="6">880-01</subfield><subfield code="a">Quevedo y Villegas, Francisco Gómez &lt;&lt;de&gt;&gt;</subfield><subfield code="d">1580-1645</subfield><subfield code="0">(DE-588)118597353</subfield></datafield><datafield ind1="1" ind2=" " tag="880"><subfield code="6">100-01</subfield><subfield code="a">Quevedo, Francisco de</subfield><subfield code="d">1580-1645</subfield><subfield code="0">(IDREF)026668521</subfield><subfield code="4">aut</subfield></datafield><datafield ind1="1" ind2="0" tag="245"><subfield code="a">Obras festivas</subfield><subfield code="c">Francisco de Quevedo ; ed., introd. y notas de Pablo Jauralde Pou</subfield></datafield><datafield ind1=" " ind2="1" tag="264"><subfield code="a">Madrid</subfield><subfield code="b">Castalia</subfield><subfield code="c">1981</subfield></datafield><datafield ind1=" " ind2=" " tag="300"><subfield code="a">218 p.</subfield><subfield code="b">ill.</subfield><subfield code="c">18 cm</subfield></datafield><datafield ind1=" " ind2=" " tag="336"><subfield code="b">txt</subfield><subfield code="2">rdacontent</subfield></datafield><datafield ind1=" " ind2=" " tag="337"><subfield code="b">n</subfield><subfield code="2">rdamedia</subfield></datafield><datafield ind1=" " ind2=" " tag="338"><subfield code="b">nc</subfield><subfield code="2">rdacarrier</subfield></datafield><datafield ind1="1" ind2=" " tag="490"><subfield code="a">Clásicos Castalia</subfield><subfield code="v">113</subfield></datafield><datafield ind1="1" ind2="0" tag="600"><subfield code="a">Quevedo, Francisco de</subfield><subfield code="d">1580-1645</subfield><subfield code="t">Works</subfield></datafield><datafield ind1=" " ind2="0" tag="650"><subfield code="a">Literatura Burlesca</subfield></datafield><datafield ind1=" " ind2=" " tag="690"><subfield code="a">Spanische Epik / Ausgaben / Einzelne Autoren und Texte / Originalsprache / O</subfield><subfield code="2">uzb-Z9</subfield></datafield><datafield ind1="1" ind2=" " tag="700"><subfield code="6">880-02</subfield><subfield code="a">Jauralde Pou, Pablo</subfield><subfield code="d">1944-</subfield><subfield code="0">(DE-588)1022190768</subfield></datafield><datafield ind1="1" ind2=" " tag="880"><subfield code="6">700-02</subfield><subfield code="a">Jauralde Pou, Pablo</subfield><subfield code="d">1944-....</subfield><subfield code="0">(IDREF)028329775</subfield></datafield><datafield ind1=" " ind2="0" tag="830"><subfield code="a">Clásicos Castalia</subfield><subfield code="v">113</subfield><subfield code="w">(NEBIS)001000366EBI01</subfield></datafield><datafield ind1=" " ind2="0" tag="830"><subfield code="a">Clásicos Castalia</subfield><subfield code="v">113</subfield><subfield code="w">(RERO)0337395-41slsp</subfield></datafield><datafield ind1=" " ind2=" " tag="900"><subfield code="a">REROnoselfmerge</subfield></datafield><datafield ind1=" " ind2=" " tag="900"><subfield code="a">IDSZRMedeaZBZ</subfield></datafield><datafield ind1=" " ind2=" " tag="900"><subfield code="f">IDSU2medea</subfield></datafield><datafield ind1=" " ind2=" " tag="993"><subfield code="a">BFLA 229633</subfield><subfield code="x">ge/ules/a/FLs 26080</subfield><subfield code="9">LOCAL</subfield></datafield></record>
</metadata></record>