<record><header><identifier>oai:alma.41SLSP_UGE:991000004229705502</identifier><datestamp>2023-03-28T00:13:07Z</datestamp><setSpec>uge_bcen_RapidILL_BOOK</setSpec><setSpec>uge_aaca_RapidILL_BOOK</setSpec><setSpec>uge_abels_RapidILL_BOOK</setSpec><setSpec>uge_dbu_RapidILL_BOOK</setSpec><setSpec>uge_cmu_RapidILL_BOOK</setSpec><setSpec>uge_mail_RapidILL_BOOK</setSpec><setSpec>uge_abbat_RapidILL_BOOK</setSpec><setSpec>UNIGE_ALL</setSpec><setSpec>uge_acar_RapidILL_BOOK</setSpec><setSpec>uge_aobs_RapidILL_BOOK</setSpec></header><metadata>
<record xmlns="http://www.loc.gov/MARC21/slim" xmlns:xsi="http://www.w3.org/2001/XMLSchema-instance" xsi:schemaLocation="http://www.loc.gov/MARC21/slim http://www.loc.gov/standards/marcxml/schema/MARC21slim.xsd"><leader>02036nam a2200577 c 4500</leader><controlfield tag="001">991000004229705502</controlfield><controlfield tag="005">20230327181037.0</controlfield><controlfield tag="008">201011s1979    gw ||||| |||| 00| ||eng d</controlfield><datafield ind1=" " ind2=" " tag="020"><subfield code="a">3540093869</subfield><subfield code="q">Berlin</subfield></datafield><datafield ind1=" " ind2=" " tag="020"><subfield code="a">0387093869</subfield><subfield code="q">New York</subfield></datafield><datafield ind1=" " ind2=" " tag="035"><subfield code="a">(swissbib)217219543-41slsp_network</subfield></datafield><datafield ind1=" " ind2=" " tag="035"><subfield code="a">217219543</subfield><subfield code="9">ExL</subfield></datafield><datafield ind1=" " ind2=" " tag="035"><subfield code="a">(RERO)0865815-41slsp</subfield></datafield><datafield ind1=" " ind2=" " tag="035"><subfield code="a">(IDSBB)001503097DSV01</subfield></datafield><datafield ind1=" " ind2=" " tag="035"><subfield code="a">(NEBIS)003298002EBI01</subfield></datafield><datafield ind1=" " ind2=" " tag="035"><subfield code="a">(EXLNZ-41SLSP_NETWORK)991033071589705501</subfield></datafield><datafield ind1=" " ind2=" " tag="040"><subfield code="a">RERO geulfr</subfield><subfield code="d">CH-ZuSLS</subfield></datafield><datafield ind1=" " ind2=" " tag="044"><subfield code="a">gw</subfield><subfield code="a">xxu</subfield></datafield><datafield ind1=" " ind2="7" tag="072"><subfield code="a">lg</subfield><subfield code="2">rero</subfield></datafield><datafield ind1="0" ind2="0" tag="082"><subfield code="a">153</subfield></datafield><datafield ind1="0" ind2="4" tag="082"><subfield code="a">401</subfield></datafield><datafield ind1=" " ind2=" " tag="084"><subfield code="a">ER 630</subfield><subfield code="2">rvk</subfield></datafield><datafield ind1=" " ind2=" " tag="084"><subfield code="a">ER 700</subfield><subfield code="2">rvk</subfield></datafield><datafield ind1=" " ind2=" " tag="084"><subfield code="a">ER 940</subfield><subfield code="2">rvk</subfield></datafield><datafield ind1="1" ind2=" " tag="100"><subfield code="a">Noordman, Leonard Gerard Maria</subfield><subfield code="d">1940-....</subfield><subfield code="0">(IDREF)052645827</subfield><subfield code="4">cre</subfield></datafield><datafield ind1="1" ind2="0" tag="245"><subfield code="a">Inferring from language</subfield><subfield code="c">Leonard G.M. Noordman ; with a foreword by Herbert H. Clark</subfield></datafield><datafield ind1=" " ind2="1" tag="264"><subfield code="a">Berlin</subfield><subfield code="a">Heidelberg</subfield><subfield code="b">Springer-Verlag</subfield><subfield code="c">1979</subfield></datafield><datafield ind1=" " ind2=" " tag="300"><subfield code="a">XII, 170 p.</subfield><subfield code="c">24 cm</subfield></datafield><datafield ind1=" " ind2=" " tag="336"><subfield code="b">txt</subfield><subfield code="2">rdacontent</subfield></datafield><datafield ind1=" " ind2=" " tag="337"><subfield code="b">n</subfield><subfield code="2">rdamedia</subfield></datafield><datafield ind1=" " ind2=" " tag="338"><subfield code="b">nc</subfield><subfield code="2">rdacarrier</subfield></datafield><datafield ind1="1" ind2=" " tag="490"><subfield code="a">Springer series in language and communication</subfield><subfield code="v">4</subfield></datafield><datafield ind1=" " ind2="7" tag="650"><subfield code="a">Langage</subfield><subfield code="0">(IDREF)028625714</subfield><subfield code="2">idref</subfield></datafield><datafield ind1=" " ind2="7" tag="650"><subfield code="a">Logique</subfield><subfield code="0">(IDREF)027284263</subfield><subfield code="2">idref</subfield></datafield><datafield ind1=" " ind2="7" tag="650"><subfield code="a">Philosophie</subfield><subfield code="0">(IDREF)027295206</subfield><subfield code="2">idref</subfield></datafield><datafield ind1=" " ind2="7" tag="650"><subfield code="a">Inférence</subfield><subfield code="0">(IDREF)027276309</subfield><subfield code="2">idref</subfield></datafield><datafield ind1=" " ind2="7" tag="650"><subfield code="a">Denken</subfield><subfield code="0">(DE-588)4011450-8</subfield><subfield code="2">gnd</subfield></datafield><datafield ind1=" " ind2="7" tag="650"><subfield code="a">Kognitive Psychologie</subfield><subfield code="0">(DE-588)4073586-2</subfield><subfield code="2">gnd</subfield></datafield><datafield ind1=" " ind2="7" tag="650"><subfield code="a">Pragmatik</subfield><subfield code="0">(DE-588)4076315-8</subfield><subfield code="2">gnd</subfield></datafield><datafield ind1=" " ind2="7" tag="650"><subfield code="a">Sprache</subfield><subfield code="0">(DE-588)4056449-6</subfield><subfield code="2">gnd</subfield></datafield><datafield ind1=" " ind2="7" tag="650"><subfield code="a">Sprachverstehen</subfield><subfield code="0">(DE-588)4077744-3</subfield><subfield code="2">gnd</subfield></datafield><datafield ind1=" " ind2="0" tag="650"><subfield code="a">Inference</subfield></datafield><datafield ind1=" " ind2="0" tag="650"><subfield code="a">Language and logic</subfield></datafield><datafield ind1=" " ind2="0" tag="650"><subfield code="a">Ordinary-language philosophy</subfield></datafield><datafield ind1=" " ind2="0" tag="650"><subfield code="a">Reasoning</subfield></datafield><datafield ind1=" " ind2=" " tag="690"><subfield code="a">Beweisführung / Sprache</subfield><subfield code="2">uzb-Z9</subfield></datafield><datafield ind1=" " ind2=" " tag="690"><subfield code="a">Sprache / Einzelne Fragen</subfield><subfield code="2">uzb-Z9</subfield></datafield><datafield ind1="1" ind2=" " tag="700"><subfield code="a">Noordman, Leonard Gerard Maria</subfield></datafield><datafield ind1=" " ind2=" " tag="830"><subfield code="a">Springer series in language and communication</subfield><subfield code="v">4</subfield><subfield code="w">(NEBIS)001040895EBI01</subfield></datafield><datafield ind1=" " ind2=" " tag="830"><subfield code="a">Springer series in language and communication</subfield><subfield code="v">4</subfield><subfield code="w">(IDSBB)000103773DSV01</subfield></datafield><datafield ind1=" " ind2=" " tag="900"><subfield code="a">REROnoselfmerge</subfield></datafield><datafield ind1=" " ind2=" " tag="900"><subfield code="a">IDSZRMedeaZBZ</subfield></datafield><datafield ind1=" " ind2=" " tag="993"><subfield code="a">BFLA 173736</subfield><subfield code="x">ge/ulit/a/FLt 58053</subfield><subfield code="9">LOCAL</subfield></datafield></record>
</metadata></record>