<record><header><identifier>oai:alma.41SLSP_UGE:991000004559705502</identifier><datestamp>2024-09-13T00:27:19Z</datestamp><setSpec>uge_bcen_RapidILL_BOOK</setSpec><setSpec>uge_aaca_RapidILL_BOOK</setSpec><setSpec>uge_abels_RapidILL_BOOK</setSpec><setSpec>uge_dbu_RapidILL_BOOK</setSpec><setSpec>uge_cmu_RapidILL_BOOK</setSpec><setSpec>uge_mail_RapidILL_BOOK</setSpec><setSpec>uge_abbat_RapidILL_BOOK</setSpec><setSpec>UNIGE_ALL</setSpec><setSpec>uge_acar_RapidILL_BOOK</setSpec><setSpec>uge_aobs_RapidILL_BOOK</setSpec></header><metadata>
<record xmlns="http://www.loc.gov/MARC21/slim" xmlns:xsi="http://www.w3.org/2001/XMLSchema-instance" xsi:schemaLocation="http://www.loc.gov/MARC21/slim http://www.loc.gov/standards/marcxml/schema/MARC21slim.xsd"><leader>01033nam a2200277 c 4500</leader><controlfield tag="001">991000004559705502</controlfield><controlfield tag="005">20240912181750.0</controlfield><controlfield tag="008">201011s2008    fr ||||| |||| 00| ||fre d</controlfield><datafield ind1=" " ind2=" " tag="020"><subfield code="z">9782911860381</subfield></datafield><datafield ind1=" " ind2=" " tag="035"><subfield code="a">(swissbib)216931118-41slsp_network</subfield></datafield><datafield ind1=" " ind2=" " tag="035"><subfield code="a">216931118</subfield><subfield code="9">ExL</subfield></datafield><datafield ind1=" " ind2=" " tag="035"><subfield code="a">(RERO)R004686258-41slsp</subfield></datafield><datafield ind1=" " ind2=" " tag="035"><subfield code="a">(IDSBB)004700009DSV01</subfield></datafield><datafield ind1=" " ind2=" " tag="035"><subfield code="a">(EXLNZ-41SLSP_NETWORK)991010731139705501</subfield></datafield><datafield ind1=" " ind2=" " tag="040"><subfield code="a">RERO geulit</subfield><subfield code="d">CH-ZuSLS</subfield></datafield><datafield ind1=" " ind2="7" tag="072"><subfield code="a">it</subfield><subfield code="2">rero</subfield></datafield><datafield ind1="1" ind2=" " tag="100"><subfield code="a">Fratnik, Marina</subfield><subfield code="0">(IDREF)029503558</subfield><subfield code="4">cre</subfield></datafield><datafield ind1="1" ind2="0" tag="245"><subfield code="a">Images et objets-images dans les textes de Giuseppe Tomasi di Lampedusa</subfield><subfield code="c">Marina Fratnik</subfield></datafield><datafield ind1=" " ind2="1" tag="264"><subfield code="a">Saint-Denis</subfield><subfield code="b">Université Paris 8 Vincennes Saint-Denis</subfield><subfield code="c">2008</subfield></datafield><datafield ind1=" " ind2=" " tag="300"><subfield code="a">129 p.</subfield></datafield><datafield ind1=" " ind2=" " tag="336"><subfield code="b">txt</subfield><subfield code="2">rdacontent</subfield></datafield><datafield ind1=" " ind2=" " tag="337"><subfield code="b">n</subfield><subfield code="2">rdamedia</subfield></datafield><datafield ind1=" " ind2=" " tag="338"><subfield code="b">nc</subfield><subfield code="2">rdacarrier</subfield></datafield><datafield ind1="1" ind2=" " tag="490"><subfield code="a">Travaux et documents / Université Paris 8 Vincennes Saint-Denis</subfield><subfield code="v">38</subfield></datafield><datafield ind1=" " ind2=" " tag="830"><subfield code="a">Travaux et documents</subfield><subfield code="v">38</subfield><subfield code="w">(IDSBB)004700006DSV01</subfield></datafield><datafield ind1=" " ind2=" " tag="830"><subfield code="a">Travaux et documents / Université Paris 8 Vincennes Saint-Denis</subfield><subfield code="v">38</subfield><subfield code="w">(RERO)R004686238-41slsp</subfield></datafield><datafield ind1=" " ind2=" " tag="900"><subfield code="a">REROnoselfmerge</subfield></datafield><datafield ind1=" " ind2=" " tag="993"><subfield code="a">BFLA 203462</subfield><subfield code="x">ge/ulit/a/08/105</subfield><subfield code="9">LOCAL</subfield></datafield></record>
</metadata></record>