<record><header><identifier>oai:alma.41SLSP_UGE:991000005179705502</identifier><datestamp>2023-03-01T01:08:57Z</datestamp><setSpec>uge_bcen_RapidILL_BOOK</setSpec><setSpec>uge_aaca_RapidILL_BOOK</setSpec><setSpec>uge_abels_RapidILL_BOOK</setSpec><setSpec>uge_dbu_RapidILL_BOOK</setSpec><setSpec>uge_cmu_RapidILL_BOOK</setSpec><setSpec>uge_mail_RapidILL_BOOK</setSpec><setSpec>UNIGE_ALL</setSpec><setSpec>uge_abbat_RapidILL_BOOK</setSpec><setSpec>uge_aobs_RapidILL_BOOK</setSpec><setSpec>uge_acar_RapidILL_BOOK</setSpec></header><metadata>
<record xmlns="http://www.loc.gov/MARC21/slim" xmlns:xsi="http://www.w3.org/2001/XMLSchema-instance" xsi:schemaLocation="http://www.loc.gov/MARC21/slim http://www.loc.gov/standards/marcxml/schema/MARC21slim.xsd"><leader>01941nam a2200541 c 4500</leader><controlfield tag="001">991000005179705502</controlfield><controlfield tag="005">20210130121126.0</controlfield><controlfield tag="008">201012s1983    it ||||| |||| 00| ||ita d</controlfield><datafield ind1=" " ind2=" " tag="020"><subfield code="a">8870625273</subfield></datafield><datafield ind1=" " ind2=" " tag="035"><subfield code="a">(swissbib)240665643-41slsp_network</subfield></datafield><datafield ind1=" " ind2=" " tag="035"><subfield code="a">240665643</subfield><subfield code="9">ExL</subfield></datafield><datafield ind1=" " ind2=" " tag="035"><subfield code="a">(RERO)0490298-41slsp</subfield></datafield><datafield ind1=" " ind2=" " tag="035"><subfield code="a">(IDSBB)001488757DSV01</subfield></datafield><datafield ind1=" " ind2=" " tag="035"><subfield code="a">(NEBIS)003310720EBI01</subfield></datafield><datafield ind1=" " ind2=" " tag="035"><subfield code="a">(EXLNZ-41SLSP_NETWORK)991074060869705501</subfield></datafield><datafield ind1=" " ind2=" " tag="040"><subfield code="a">RERO</subfield><subfield code="d">CH-ZuSLS</subfield></datafield><datafield ind1=" " ind2="7" tag="072"><subfield code="a">ha</subfield><subfield code="2">rero</subfield></datafield><datafield ind1=" " ind2="7" tag="072"><subfield code="a">ga</subfield><subfield code="2">SzZuIDS BS/BE</subfield></datafield><datafield ind1="1" ind2=" " tag="080"><subfield code="a">937.09</subfield></datafield><datafield ind1="0" ind2="0" tag="082"><subfield code="a">937/.09</subfield><subfield code="2">19</subfield></datafield><datafield ind1="0" ind2="4" tag="082"><subfield code="a">937 .09</subfield><subfield code="2">19</subfield></datafield><datafield ind1="0" ind2="4" tag="082"><subfield code="a">937.090924</subfield></datafield><datafield ind1="1" ind2="4" tag="082"><subfield code="a">900</subfield><subfield code="2">15</subfield></datafield><datafield ind1=" " ind2=" " tag="084"><subfield code="a">NH 7680</subfield><subfield code="2">rvk</subfield></datafield><datafield ind1=" " ind2=" " tag="084"><subfield code="a">NH 9300</subfield><subfield code="2">rvk</subfield></datafield><datafield ind1="1" ind2=" " tag="100"><subfield code="a">Zecchini, Giuseppe</subfield><subfield code="d">1952-</subfield><subfield code="0">(DE-588)1031269282</subfield><subfield code="6">880-01</subfield></datafield><datafield ind1="1" ind2=" " tag="880"><subfield code="6">100-01</subfield><subfield code="a">Zecchini, Giuseppe</subfield><subfield code="d">1952-....</subfield><subfield code="0">(IDREF)029891310</subfield><subfield code="4">cre</subfield></datafield><datafield ind1="1" ind2="0" tag="245"><subfield code="a">Aezio</subfield><subfield code="b">l'ultima difesa dell'Occidente romano</subfield><subfield code="c">Giuseppe Zecchini</subfield></datafield><datafield ind1=" " ind2="1" tag="264"><subfield code="a">Roma</subfield><subfield code="b">&quot;L'Erma&quot; di Bretschneider</subfield><subfield code="c">1983</subfield></datafield><datafield ind1=" " ind2=" " tag="300"><subfield code="a">324 p.</subfield><subfield code="c">25 cm</subfield></datafield><datafield ind1=" " ind2=" " tag="336"><subfield code="b">txt</subfield><subfield code="2">rdacontent</subfield></datafield><datafield ind1=" " ind2=" " tag="337"><subfield code="b">n</subfield><subfield code="2">rdamedia</subfield></datafield><datafield ind1=" " ind2=" " tag="338"><subfield code="b">nc</subfield><subfield code="2">rdacarrier</subfield></datafield><datafield ind1="1" ind2=" " tag="490"><subfield code="a">Monografie / Centro ricerche e documentazione sull'antichità classica</subfield><subfield code="v">8</subfield></datafield><datafield ind1="0" ind2="7" tag="600"><subfield code="a">Aetius</subfield><subfield code="c">(général romain)</subfield><subfield code="0">(RERO)A010040162</subfield><subfield code="2">rero</subfield></datafield><datafield ind1="0" ind2="7" tag="600"><subfield code="a">Valentinien</subfield><subfield code="c">(empereur romain</subfield><subfield code="b">3)</subfield><subfield code="0">(RERO)A010162652</subfield><subfield code="2">rero</subfield></datafield><datafield ind1="1" ind2="7" tag="600"><subfield code="a">Aetius, Flavius</subfield><subfield code="d">390-454</subfield><subfield code="0">(DE-588)118643932</subfield><subfield code="2">gnd</subfield></datafield><datafield ind1="1" ind2="0" tag="600"><subfield code="a">Aetius, Flavius</subfield><subfield code="d">-454</subfield></datafield><datafield ind1="1" ind2="0" tag="600"><subfield code="a">Aëtius, Flavius</subfield><subfield code="d">ca 390-454</subfield></datafield><datafield ind1=" " ind2="7" tag="650"><subfield code="a">425-455</subfield><subfield code="2">rero</subfield></datafield><datafield ind1=" " ind2="7" tag="651"><subfield code="a">Rome</subfield><subfield code="0">(IDREF)027243001</subfield><subfield code="2">idref</subfield></datafield><datafield ind1=" " ind2="0" tag="651"><subfield code="a">Rome</subfield><subfield code="x">History</subfield><subfield code="y">Germanic Invasions, 3rd-6th centuries</subfield></datafield><datafield ind1=" " ind2="0" tag="651"><subfield code="a">Rome</subfield><subfield code="x">History</subfield><subfield code="y">Valentinian III, 425-455</subfield></datafield><datafield ind1=" " ind2=" " tag="690"><subfield code="a">Aetius, Flavius</subfield><subfield code="2">uzb-Z9</subfield></datafield><datafield ind1=" " ind2="0" tag="830"><subfield code="a">Monografie</subfield><subfield code="v">8</subfield><subfield code="w">(NEBIS)000989986EBI01</subfield></datafield><datafield ind1=" " ind2="0" tag="830"><subfield code="a">Monografie</subfield><subfield code="v">8</subfield><subfield code="w">(IDSBB)000642338DSV01</subfield></datafield><datafield ind1=" " ind2="0" tag="830"><subfield code="a">Monografie / Centro ricerche e documentazione sull'antichità classica</subfield><subfield code="v">8</subfield><subfield code="w">(RERO)0490290-41slsp</subfield></datafield><datafield ind1=" " ind2=" " tag="900"><subfield code="a">REROnoselfmerge</subfield></datafield><datafield ind1=" " ind2=" " tag="900"><subfield code="a">IDSZRMedeaZBZ</subfield></datafield></record>
</metadata></record>