<record><header><identifier>oai:alma.41SLSP_UGE:991000004969705502</identifier><datestamp>2023-03-21T01:13:26Z</datestamp><setSpec>uge_bcen_RapidILL_BOOK</setSpec><setSpec>uge_aaca_RapidILL_BOOK</setSpec><setSpec>uge_abels_RapidILL_BOOK</setSpec><setSpec>uge_dbu_RapidILL_BOOK</setSpec><setSpec>uge_cmu_RapidILL_BOOK</setSpec><setSpec>uge_mail_RapidILL_BOOK</setSpec><setSpec>uge_abbat_RapidILL_BOOK</setSpec><setSpec>UNIGE_ALL</setSpec><setSpec>uge_aobs_RapidILL_BOOK</setSpec><setSpec>uge_acar_RapidILL_BOOK</setSpec></header><metadata>
<record xmlns="http://www.loc.gov/MARC21/slim" xmlns:xsi="http://www.w3.org/2001/XMLSchema-instance" xsi:schemaLocation="http://www.loc.gov/MARC21/slim http://www.loc.gov/standards/marcxml/schema/MARC21slim.xsd"><leader>02228nam a2200541 c 4500</leader><controlfield tag="001">991000004969705502</controlfield><controlfield tag="005">20230320214118.0</controlfield><controlfield tag="008">201012s2010    be ||||| |||| 00| ||eng d</controlfield><datafield ind1=" " ind2=" " tag="020"><subfield code="a">9782503519203</subfield></datafield><datafield ind1=" " ind2=" " tag="035"><subfield code="a">(swissbib)239978269-41slsp_network</subfield></datafield><datafield ind1=" " ind2=" " tag="035"><subfield code="a">239978269</subfield><subfield code="9">ExL</subfield></datafield><datafield ind1=" " ind2=" " tag="035"><subfield code="a">(RERO)R005460819-41slsp</subfield></datafield><datafield ind1=" " ind2=" " tag="035"><subfield code="a">(IDSBB)004939209DSV01</subfield></datafield><datafield ind1=" " ind2=" " tag="035"><subfield code="a">(NEBIS)009602915EBI01</subfield></datafield><datafield ind1=" " ind2=" " tag="035"><subfield code="a">(EXLNZ-41SLSP_NETWORK)991071648589705501</subfield></datafield><datafield ind1=" " ind2=" " tag="040"><subfield code="a">SzZuIDS BS/BE B450</subfield><subfield code="d">CH-ZuSLS</subfield></datafield><datafield ind1="1" ind2=" " tag="041"><subfield code="a">eng</subfield><subfield code="a">pro</subfield><subfield code="h">pro</subfield></datafield><datafield ind1=" " ind2="7" tag="072"><subfield code="a">fm</subfield><subfield code="2">rero</subfield></datafield><datafield ind1=" " ind2="7" tag="072"><subfield code="a">hm</subfield><subfield code="2">rero</subfield></datafield><datafield ind1="0" ind2="0" tag="245"><subfield code="a">&lt;&lt;The &quot;&gt;&gt;Costuma d'Agen&quot;</subfield><subfield code="b">a thirteenth-century customary compilation in old Occitan, transcribed from the &quot;Livre Juratoire&quot;</subfield><subfield code="c">translated and with notes and an introduction by F. R. P. Akehurst</subfield></datafield><datafield ind1=" " ind2="1" tag="264"><subfield code="a">Turnhout</subfield><subfield code="b">Brepols</subfield><subfield code="c">2010</subfield></datafield><datafield ind1=" " ind2=" " tag="300"><subfield code="a">XXXI, 118 p.</subfield></datafield><datafield ind1=" " ind2=" " tag="336"><subfield code="b">txt</subfield><subfield code="2">rdacontent</subfield></datafield><datafield ind1=" " ind2=" " tag="337"><subfield code="b">n</subfield><subfield code="2">rdamedia</subfield></datafield><datafield ind1=" " ind2=" " tag="338"><subfield code="b">nc</subfield><subfield code="2">rdacarrier</subfield></datafield><datafield ind1="1" ind2=" " tag="490"><subfield code="a">Publications de l'Association internationale d'études occitanes</subfield><subfield code="v">5</subfield></datafield><datafield ind1=" " ind2=" " tag="500"><subfield code="a">&quot;...transcribed with an English translation on facing pages.&quot;</subfield></datafield><datafield ind1=" " ind2=" " tag="500"><subfield code="a">Originaltitel: Costuma d'Agen</subfield></datafield><datafield ind1=" " ind2=" " tag="504"><subfield code="a">Bibliography: p. XXIX-XXXI</subfield></datafield><datafield ind1=" " ind2="7" tag="648"><subfield code="a">Geschichte 1200-1300</subfield><subfield code="2">gnd</subfield></datafield><datafield ind1=" " ind2="7" tag="650"><subfield code="a">Droit coutumier</subfield><subfield code="0">(IDREF)027467082</subfield><subfield code="2">idref</subfield></datafield><datafield ind1=" " ind2="7" tag="650"><subfield code="a">Occitan (langue)</subfield><subfield code="0">(IDREF)027276813</subfield><subfield code="2">idref</subfield></datafield><datafield ind1=" " ind2="7" tag="650"><subfield code="a">Moyen-Âge (Bas)</subfield><subfield code="0">(RERO)A010172900</subfield><subfield code="2">rerovoc</subfield></datafield><datafield ind1=" " ind2="7" tag="650"><subfield code="a">13e siècle</subfield><subfield code="0">(IDREF)027807169</subfield><subfield code="2">idref</subfield></datafield><datafield ind1=" " ind2="7" tag="650"><subfield code="a">Gewohnheitsrecht</subfield><subfield code="0">(DE-588)4157303-1</subfield><subfield code="2">gnd</subfield></datafield><datafield ind1=" " ind2="7" tag="650"><subfield code="a">Rechtsbuch</subfield><subfield code="0">(DE-588)4134981-7</subfield><subfield code="2">gnd</subfield></datafield><datafield ind1=" " ind2="7" tag="650"><subfield code="a">Altokzitanisch</subfield><subfield code="0">(DE-588)4133909-5</subfield><subfield code="2">gnd</subfield></datafield><datafield ind1=" " ind2="7" tag="650"><subfield code="a">Edition</subfield><subfield code="0">(DE-588)4132033-5</subfield><subfield code="2">gnd</subfield></datafield><datafield ind1=" " ind2="7" tag="651"><subfield code="a">Agen (France)</subfield><subfield code="0">(RERO)A010040355</subfield><subfield code="2">rero</subfield></datafield><datafield ind1=" " ind2="7" tag="651"><subfield code="a">Agen</subfield><subfield code="0">(DE-588)4079641-3</subfield><subfield code="2">gnd</subfield></datafield><datafield ind1=" " ind2="7" tag="651"><subfield code="a">Agenais</subfield><subfield code="0">(DE-588)4079642-5</subfield><subfield code="2">gnd</subfield></datafield><datafield ind1=" " ind2="7" tag="651"><subfield code="a">Frankreich</subfield><subfield code="z">Süd</subfield><subfield code="0">(DE-588)4071403-2</subfield><subfield code="2">gnd</subfield></datafield><datafield ind1=" " ind2="7" tag="655"><subfield code="a">[document]</subfield><subfield code="2">rerovoc</subfield><subfield code="0">(RERO)A010182398</subfield></datafield><datafield ind1=" " ind2="7" tag="655"><subfield code="a">Quelle</subfield><subfield code="2">gnd-content</subfield></datafield><datafield ind1="1" ind2=" " tag="700"><subfield code="a">Akehurst, Frank R. P.</subfield></datafield><datafield ind1="1" ind2=" " tag="700"><subfield code="a">Akehurst, F.R.P</subfield><subfield code="0">(RERO)A002914065</subfield></datafield><datafield ind1=" " ind2=" " tag="830"><subfield code="a">Publications de l'Association internationale d'études occitanes</subfield><subfield code="v">5</subfield><subfield code="w">(NEBIS)005435157EBI01</subfield></datafield><datafield ind1=" " ind2=" " tag="830"><subfield code="a">Publications de l'Association internationale d'études occitanes</subfield><subfield code="v">5</subfield><subfield code="w">(IDSBB)005237824DSV01</subfield></datafield><datafield ind1=" " ind2=" " tag="900"><subfield code="a">REROnoselfmerge</subfield></datafield></record>
</metadata></record>