<record><header><identifier>oai:alma.41SLSP_UGE:991000004469705502</identifier><datestamp>2023-03-01T01:08:57Z</datestamp><setSpec>uge_bcen_RapidILL_BOOK</setSpec><setSpec>uge_aaca_RapidILL_BOOK</setSpec><setSpec>uge_abels_RapidILL_BOOK</setSpec><setSpec>uge_dbu_RapidILL_BOOK</setSpec><setSpec>uge_cmu_RapidILL_BOOK</setSpec><setSpec>uge_mail_RapidILL_BOOK</setSpec><setSpec>UNIGE_ALL</setSpec><setSpec>uge_abbat_RapidILL_BOOK</setSpec><setSpec>uge_aobs_RapidILL_BOOK</setSpec><setSpec>uge_acar_RapidILL_BOOK</setSpec></header><metadata>
<record xmlns="http://www.loc.gov/MARC21/slim" xmlns:xsi="http://www.w3.org/2001/XMLSchema-instance" xsi:schemaLocation="http://www.loc.gov/MARC21/slim http://www.loc.gov/standards/marcxml/schema/MARC21slim.xsd"><leader>03429nam a2200769 c 4500</leader><controlfield tag="001">991000004469705502</controlfield><controlfield tag="005">20230116182050.0</controlfield><controlfield tag="008">201011s1991    gw ||||| |||| 10| ||ger d</controlfield><datafield ind1=" " ind2=" " tag="019"><subfield code="a">RekatMedea: UKPHS keine Laufnummer vorhanden</subfield><subfield code="5">NEBIS/08.07.2005 Medea</subfield></datafield><datafield ind1=" " ind2=" " tag="020"><subfield code="a">348709410X</subfield></datafield><datafield ind1=" " ind2=" " tag="035"><subfield code="a">(swissbib)227095219-41slsp_network</subfield></datafield><datafield ind1=" " ind2=" " tag="035"><subfield code="a">227095219</subfield><subfield code="9">ExL</subfield></datafield><datafield ind1=" " ind2=" " tag="035"><subfield code="a">(RERO)1459048-41slsp</subfield></datafield><datafield ind1=" " ind2=" " tag="035"><subfield code="a">(NEBIS)001179597EBI01</subfield></datafield><datafield ind1=" " ind2=" " tag="035"><subfield code="a">(IDSBB)000765402DSV01</subfield></datafield><datafield ind1=" " ind2=" " tag="035"><subfield code="a">(SBT)000885019SBT01</subfield></datafield><datafield ind1=" " ind2=" " tag="035"><subfield code="a">(NEBIS)008953912EBI01</subfield></datafield><datafield ind1=" " ind2=" " tag="035"><subfield code="a">(EXLNZ-41SLSP_NETWORK)991030057809705501</subfield></datafield><datafield ind1=" " ind2=" " tag="040"><subfield code="a">RERO labcud</subfield><subfield code="d">CH-ZuSLS</subfield></datafield><datafield ind1="0" ind2=" " tag="041"><subfield code="a">ger</subfield><subfield code="a">fre</subfield><subfield code="a">ita</subfield></datafield><datafield ind1=" " ind2=" " tag="044"><subfield code="a">gw</subfield><subfield code="a">sz</subfield></datafield><datafield ind1=" " ind2="7" tag="072"><subfield code="a">kp</subfield><subfield code="2">SzZuIDS BS/BE</subfield></datafield><datafield ind1=" " ind2="7" tag="072"><subfield code="a">la</subfield><subfield code="2">rero</subfield></datafield><datafield ind1="0" ind2="4" tag="082"><subfield code="a">873.01</subfield></datafield><datafield ind1="0" ind2="4" tag="082"><subfield code="a">874 (VAL.F) V405 KORN</subfield></datafield><datafield ind1=" " ind2=" " tag="084"><subfield code="a">FX 217805</subfield><subfield code="2">rvk</subfield></datafield><datafield ind1="1" ind2=" " tag="100"><subfield code="a">Korn, Matthias</subfield><subfield code="6">880-01</subfield></datafield><datafield ind1="1" ind2=" " tag="880"><subfield code="6">100-01</subfield><subfield code="a">Korn, Matthias</subfield><subfield code="0">(IDREF)029217679</subfield></datafield><datafield ind1="1" ind2="0" tag="245"><subfield code="a">&quot;Ratis omnia vincet&quot;</subfield><subfield code="b">Untersuchungen zu den Argonautica des Valerius Flaccus</subfield><subfield code="c">hrsg. von Matthias Korn und Hans Jürgen Tschiedel</subfield></datafield><datafield ind1="1" ind2=" " tag="246"><subfield code="a">Argonautica</subfield></datafield><datafield ind1=" " ind2="1" tag="264"><subfield code="a">Hildesheim</subfield><subfield code="a">Zürich [etc.]</subfield><subfield code="b">G. Olms</subfield><subfield code="c">1991</subfield></datafield><datafield ind1=" " ind2=" " tag="300"><subfield code="a">237 p.</subfield><subfield code="c">22 cm</subfield></datafield><datafield ind1=" " ind2=" " tag="336"><subfield code="b">txt</subfield><subfield code="2">rdacontent</subfield></datafield><datafield ind1=" " ind2=" " tag="337"><subfield code="b">n</subfield><subfield code="2">rdamedia</subfield></datafield><datafield ind1=" " ind2=" " tag="338"><subfield code="b">nc</subfield><subfield code="2">rdacarrier</subfield></datafield><datafield ind1="1" ind2=" " tag="490"><subfield code="a">Spudasmata</subfield><subfield code="v">Bd. 48</subfield></datafield><datafield ind1=" " ind2=" " tag="500"><subfield code="a">Communications présentées au &quot;Colloquium Valerianum&quot;, organisé en octobre 1990 par la Deutsche Forschungsgemeinschaft à la Katholische Universität Eichstätt</subfield></datafield><datafield ind1=" " ind2=" " tag="500"><subfield code="a">Vorträge des Colloquium Valeranium, gehalten im Oktober 1990 an der Katholischen Universität Eichstätt</subfield></datafield><datafield ind1=" " ind2=" " tag="500"><subfield code="a">Texte dt., engl. und franz., auch lat. Auszüge</subfield></datafield><datafield ind1=" " ind2=" " tag="500"><subfield code="a">Beitr. des ersten Colloquium Valerianum im Herbest 1990 in Eichstätt</subfield></datafield><datafield ind1="0" ind2="7" tag="600"><subfield code="a">Valerius Flaccus.</subfield><subfield code="t">Argonautica</subfield><subfield code="0">(RERO)A010162676</subfield><subfield code="2">rero</subfield></datafield><datafield ind1="1" ind2="7" tag="600"><subfield code="a">Valerius Flaccus, Gaius; Argonautica</subfield><subfield code="2">idszbz</subfield></datafield><datafield ind1="1" ind2="0" tag="600"><subfield code="a">Valerius Flaccus, Gaius</subfield><subfield code="d">active 1st century</subfield><subfield code="t">Argonautica</subfield><subfield code="v">Congresses</subfield></datafield><datafield ind1="1" ind2="0" tag="600"><subfield code="a">Valerius Flaccus, Gaius</subfield><subfield code="d">active 1st century</subfield><subfield code="t">Argonautica</subfield><subfield code="x">Congresses</subfield></datafield><datafield ind1="1" ind2="7" tag="600"><subfield code="a">Valerius Flaccus Setinus Balbus, Gaius</subfield><subfield code="d">-90</subfield><subfield code="t">Argonautica</subfield><subfield code="0">(DE-588)4198970-3</subfield><subfield code="2">gnd</subfield></datafield><datafield ind1="1" ind2="7" tag="600"><subfield code="a">Valerius Flaccus, Gaius</subfield><subfield code="x">Argonautica</subfield><subfield code="v">Kongressbericht</subfield><subfield code="2">idsbb</subfield></datafield><datafield ind1=" " ind2="7" tag="650"><subfield code="a">Kongress</subfield><subfield code="0">(DE-588)4130470-6</subfield><subfield code="2">gnd</subfield></datafield><datafield ind1=" " ind2="0" tag="650"><subfield code="a">Argonauts (Greek mythology) in literature</subfield><subfield code="v">Congresses</subfield></datafield><datafield ind1=" " ind2="0" tag="650"><subfield code="a">Argonauts (Greek mythology) in literature</subfield><subfield code="x">Congresses</subfield></datafield><datafield ind1=" " ind2="0" tag="650"><subfield code="a">Epic poetry, Latin</subfield><subfield code="x">History and criticism</subfield><subfield code="v">Congresses</subfield></datafield><datafield ind1=" " ind2="0" tag="650"><subfield code="a">Epic poetry, Latin</subfield><subfield code="x">History and criticism</subfield><subfield code="x">Congresses</subfield></datafield><datafield ind1=" " ind2="7" tag="655"><subfield code="a">Actes de congrès</subfield><subfield code="0">(IDREF)02886431X</subfield><subfield code="2">idref</subfield></datafield><datafield ind1=" " ind2="7" tag="655"><subfield code="a">Aufsatzsammlung</subfield><subfield code="2">idszbz</subfield></datafield><datafield ind1=" " ind2="7" tag="655"><subfield code="a">Konferenzschrift</subfield><subfield code="z">Eichstätt</subfield><subfield code="y">1990</subfield><subfield code="2">gnd-content</subfield></datafield><datafield ind1=" " ind2=" " tag="691"><subfield code="e">873.01</subfield><subfield code="a">Poesia epica e narrativa latina, origini-499</subfield><subfield code="2">usi-TE</subfield></datafield><datafield ind1="1" ind2=" " tag="700"><subfield code="a">Tschiedel, Jürgen</subfield></datafield><datafield ind1="1" ind2=" " tag="700"><subfield code="a">Tschiedel, Hans Jürgen</subfield></datafield><datafield ind1="2" ind2=" " tag="710"><subfield code="a">Katholische Universität Eichstätt-Ingolstadt</subfield><subfield code="0">(IDREF)248384856</subfield></datafield><datafield ind1="2" ind2=" " tag="710"><subfield code="a">Deutsche Forschungsgemeinschaft</subfield><subfield code="0">(IDREF)026444054</subfield></datafield><datafield ind1="2" ind2=" " tag="711"><subfield code="a">Colloquium Valerianum</subfield><subfield code="0">(DE-588)1091634033</subfield></datafield><datafield ind1="2" ind2=" " tag="711"><subfield code="a">Colloquium Valerianum</subfield><subfield code="0">(DE-588)1091634033</subfield></datafield><datafield ind1="2" ind2=" " tag="711"><subfield code="a">Colloquium Valerianum</subfield></datafield><datafield ind1="2" ind2=" " tag="711"><subfield code="a">Colloquium Valerianum</subfield><subfield code="n">1</subfield><subfield code="d">1990</subfield><subfield code="c">Eichstätt</subfield><subfield code="0">(RERO)A012396664</subfield></datafield><datafield ind1=" " ind2=" " tag="830"><subfield code="a">Spudasmata</subfield><subfield code="v">48</subfield><subfield code="w">(RERO)0007471-41slsp</subfield></datafield><datafield ind1=" " ind2=" " tag="830"><subfield code="a">Spudasmata</subfield><subfield code="v">48</subfield><subfield code="w">(NEBIS)001000411EBI01</subfield></datafield><datafield ind1=" " ind2=" " tag="900"><subfield code="a">REROnoselfmerge</subfield></datafield><datafield ind1=" " ind2=" " tag="900"><subfield code="a">IDSZ1ZH</subfield></datafield><datafield ind1=" " ind2=" " tag="900"><subfield code="f">IDSU2medea</subfield><subfield code="a">IDSU2remark</subfield></datafield></record>
</metadata></record>