<record><header><identifier>oai:alma.41SLSP_UGE:991000004779705502</identifier><datestamp>2023-03-01T01:08:57Z</datestamp><setSpec>uge_bcen_RapidILL_BOOK</setSpec><setSpec>uge_aaca_RapidILL_BOOK</setSpec><setSpec>uge_abels_RapidILL_BOOK</setSpec><setSpec>uge_dbu_RapidILL_BOOK</setSpec><setSpec>uge_cmu_RapidILL_BOOK</setSpec><setSpec>uge_mail_RapidILL_BOOK</setSpec><setSpec>UNIGE_ALL</setSpec><setSpec>uge_abbat_RapidILL_BOOK</setSpec><setSpec>uge_aobs_RapidILL_BOOK</setSpec><setSpec>uge_acar_RapidILL_BOOK</setSpec></header><metadata>
<record xmlns="http://www.loc.gov/MARC21/slim" xmlns:xsi="http://www.w3.org/2001/XMLSchema-instance" xsi:schemaLocation="http://www.loc.gov/MARC21/slim http://www.loc.gov/standards/marcxml/schema/MARC21slim.xsd"><leader>01393nam a22004092c 4500</leader><controlfield tag="001">991000004779705502</controlfield><controlfield tag="005">20230115200226.0</controlfield><controlfield tag="008">201011s1985    it       |||| 000 0 ita|d</controlfield><datafield ind1=" " ind2=" " tag="035"><subfield code="a">(swissbib)220502145-41slsp_network</subfield></datafield><datafield ind1=" " ind2=" " tag="035"><subfield code="a">220502145</subfield><subfield code="9">ExL</subfield></datafield><datafield ind1=" " ind2=" " tag="035"><subfield code="a">(NEBIS)003084297EBI01</subfield></datafield><datafield ind1=" " ind2=" " tag="035"><subfield code="a">(RERO)R003738827-41slsp</subfield></datafield><datafield ind1=" " ind2=" " tag="035"><subfield code="a">(OCoLC)717068943</subfield></datafield><datafield ind1=" " ind2=" " tag="035"><subfield code="a">(EXLNZ-41SLSP_NETWORK)991015254129705501</subfield></datafield><datafield ind1=" " ind2=" " tag="040"><subfield code="a">RERO geulit</subfield><subfield code="d">CH-ZuSLS</subfield></datafield><datafield ind1=" " ind2="7" tag="072"><subfield code="a">it</subfield><subfield code="2">rero</subfield></datafield><datafield ind1="0" ind2="4" tag="082"><subfield code="a">450.7</subfield></datafield><datafield ind1="0" ind2="4" tag="082"><subfield code="a">455</subfield></datafield><datafield ind1="1" ind2=" " tag="100"><subfield code="a">Sabatini, Francesco</subfield><subfield code="d">1931-</subfield><subfield code="0">(DE-588)119513854</subfield><subfield code="6">880-01</subfield></datafield><datafield ind1="1" ind2=" " tag="880"><subfield code="a">Sabatini, Francesco</subfield><subfield code="0">(RERO)A003776255</subfield><subfield code="4">cre</subfield><subfield code="6">100-01</subfield></datafield><datafield ind1="1" ind2="0" tag="245"><subfield code="a">Lingua e linguaggi</subfield><subfield code="b">educazione linguistica e italiano nella scuola media</subfield><subfield code="c">Francesco Sabatini</subfield></datafield><datafield ind1=" " ind2=" " tag="250"><subfield code="a">[8a rist.]</subfield></datafield><datafield ind1=" " ind2="1" tag="264"><subfield code="a">Torino</subfield><subfield code="b">Loescher</subfield><subfield code="c">1985</subfield></datafield><datafield ind1=" " ind2=" " tag="300"><subfield code="a">XVII, 626 p.</subfield><subfield code="b">ill.</subfield><subfield code="c">24 cm</subfield></datafield><datafield ind1=" " ind2=" " tag="336"><subfield code="b">txt</subfield><subfield code="2">rdacontent</subfield></datafield><datafield ind1=" " ind2=" " tag="337"><subfield code="b">n</subfield><subfield code="2">rdamedia</subfield></datafield><datafield ind1=" " ind2=" " tag="338"><subfield code="b">nc</subfield><subfield code="2">rdacarrier</subfield></datafield><datafield ind1=" " ind2=" " tag="500"><subfield code="a">Erstmals erschienen 1980</subfield></datafield><datafield ind1=" " ind2="7" tag="650"><subfield code="a">Gymnasium</subfield><subfield code="0">(DE-588)4022648-7</subfield><subfield code="2">gnd</subfield></datafield><datafield ind1=" " ind2="7" tag="650"><subfield code="a">Italienischunterricht</subfield><subfield code="0">(DE-588)4162619-9</subfield><subfield code="2">gnd</subfield></datafield><datafield ind1=" " ind2="0" tag="650"><subfield code="a">Italian language</subfield></datafield><datafield ind1=" " ind2="0" tag="650"><subfield code="a">Italian language</subfield><subfield code="x">Grammar</subfield><subfield code="x">Textbooks</subfield></datafield><datafield ind1=" " ind2="0" tag="650"><subfield code="a">Linguistics</subfield></datafield><datafield ind1=" " ind2="7" tag="650"><subfield code="a">Italien (langue)</subfield><subfield code="0">(IDREF)027278239</subfield><subfield code="2">idref</subfield></datafield><datafield ind1=" " ind2="7" tag="651"><subfield code="a">Italien</subfield><subfield code="0">(DE-588)4027833-5</subfield><subfield code="2">gnd</subfield></datafield><datafield ind1=" " ind2="7" tag="655"><subfield code="a">Manuels d'enseignement</subfield><subfield code="0">(IDREF)027446514</subfield><subfield code="2">idref</subfield></datafield><datafield ind1=" " ind2=" " tag="900"><subfield code="a">IDSZRMedeaZBZ</subfield><subfield code="b">IDSZRSWK</subfield></datafield><datafield ind1=" " ind2=" " tag="900"><subfield code="a">REROnoselfmerge</subfield></datafield><datafield ind1=" " ind2=" " tag="993"><subfield code="a">BFLA 175137</subfield><subfield code="x">ge/ulit/a/FLt 80864</subfield><subfield code="9">LOCAL</subfield></datafield></record>
</metadata></record>