<record><header><identifier>oai:alma.41SLSP_UGE:991000004379705502</identifier><datestamp>2023-10-19T00:46:25Z</datestamp><setSpec>uge_bcen_RapidILL_BOOK</setSpec><setSpec>uge_aaca_RapidILL_BOOK</setSpec><setSpec>uge_abels_RapidILL_BOOK</setSpec><setSpec>uge_dbu_RapidILL_BOOK</setSpec><setSpec>uge_cmu_RapidILL_BOOK</setSpec><setSpec>uge_mail_RapidILL_BOOK</setSpec><setSpec>uge_abbat_RapidILL_BOOK</setSpec><setSpec>UNIGE_ALL</setSpec><setSpec>uge_aobs_RapidILL_BOOK</setSpec><setSpec>uge_acar_RapidILL_BOOK</setSpec></header><metadata>
<record xmlns="http://www.loc.gov/MARC21/slim" xmlns:xsi="http://www.w3.org/2001/XMLSchema-instance" xsi:schemaLocation="http://www.loc.gov/MARC21/slim http://www.loc.gov/standards/marcxml/schema/MARC21slim.xsd"><leader>01408nam a2200373 c 4500</leader><controlfield tag="001">991000004379705502</controlfield><controlfield tag="005">20230502195614.0</controlfield><controlfield tag="008">201011s1981    sz ||||| |||| 00| ||ger d</controlfield><datafield ind1=" " ind2=" " tag="035"><subfield code="a">(swissbib)222613645-41slsp_network</subfield></datafield><datafield ind1=" " ind2=" " tag="035"><subfield code="a">222613645</subfield><subfield code="9">ExL</subfield></datafield><datafield ind1=" " ind2=" " tag="035"><subfield code="a">(RERO)1166470-41slsp</subfield></datafield><datafield ind1=" " ind2=" " tag="035"><subfield code="a">(NEBIS)009550928EBI01</subfield></datafield><datafield ind1=" " ind2=" " tag="035"><subfield code="a">(EXLNZ-41SLSP_NETWORK)991013203919705501</subfield></datafield><datafield ind1=" " ind2=" " tag="040"><subfield code="a">RERO frbcuc</subfield><subfield code="d">CH-ZuSLS</subfield></datafield><datafield ind1=" " ind2="7" tag="072"><subfield code="a">ar</subfield><subfield code="2">rero</subfield></datafield><datafield ind1=" " ind2="7" tag="072"><subfield code="a">th</subfield><subfield code="2">rero</subfield></datafield><datafield ind1="1" ind2=" " tag="080"><subfield code="a">904(397):726</subfield></datafield><datafield ind1="1" ind2=" " tag="100"><subfield code="a">Gessel, Wilhelm</subfield><subfield code="d">1933-2006</subfield><subfield code="0">(DE-588)106239821</subfield><subfield code="6">880-01</subfield></datafield><datafield ind1="1" ind2=" " tag="880"><subfield code="6">100-01</subfield><subfield code="a">Gessel, Wilhelm</subfield><subfield code="d">1933-2006</subfield><subfield code="0">(IDREF)030170826</subfield><subfield code="4">cre</subfield></datafield><datafield ind1="1" ind2="0" tag="245"><subfield code="a">Monumentale Spuren des Christentums im römischen Nordafrika</subfield><subfield code="b">[J.A. Fischer zum 70. Geburtstag]</subfield><subfield code="c">von Wilhelm Gessel</subfield></datafield><datafield ind1=" " ind2="1" tag="264"><subfield code="a">Feldmeilen</subfield><subfield code="b">Raggi Verl.</subfield><subfield code="c">1981</subfield></datafield><datafield ind1=" " ind2=" " tag="300"><subfield code="a">76 S.</subfield><subfield code="b">Abb.</subfield><subfield code="c">30 cm</subfield></datafield><datafield ind1=" " ind2=" " tag="336"><subfield code="b">txt</subfield><subfield code="2">rdacontent</subfield></datafield><datafield ind1=" " ind2=" " tag="337"><subfield code="b">n</subfield><subfield code="2">rdamedia</subfield></datafield><datafield ind1=" " ind2=" " tag="338"><subfield code="b">nc</subfield><subfield code="2">rdacarrier</subfield></datafield><datafield ind1="1" ind2=" " tag="490"><subfield code="a">Antike Welt. Sondernummer</subfield><subfield code="v">1981</subfield></datafield><datafield ind1=" " ind2="7" tag="650"><subfield code="a">Christianisme</subfield><subfield code="0">(IDREF)027229955</subfield><subfield code="2">idref</subfield></datafield><datafield ind1=" " ind2="7" tag="650"><subfield code="a">2e siècle-6e siècle</subfield><subfield code="2">idref</subfield></datafield><datafield ind1=" " ind2="7" tag="650"><subfield code="a">Architecture</subfield><subfield code="0">(IDREF)027228983</subfield><subfield code="2">idref</subfield></datafield><datafield ind1=" " ind2="7" tag="650"><subfield code="a">paléochrétien</subfield><subfield code="0">(RERO)A009950803</subfield><subfield code="2">rerovoc</subfield></datafield><datafield ind1=" " ind2="7" tag="650"><subfield code="a">Architecture romaine</subfield><subfield code="0">(IDREF)027219852</subfield><subfield code="2">idref</subfield></datafield><datafield ind1=" " ind2="7" tag="651"><subfield code="a">Afrique du Nord</subfield><subfield code="0">(IDREF)027218597</subfield><subfield code="2">idref</subfield></datafield><datafield ind1=" " ind2=" " tag="830"><subfield code="a">Antike Welt</subfield><subfield code="f">2015-</subfield><subfield code="p">Sonderheft</subfield><subfield code="v">1981</subfield><subfield code="w">(NEBIS)008561167EBI01</subfield></datafield><datafield ind1=" " ind2=" " tag="830"><subfield code="a">Antike Welt</subfield><subfield code="p">Sondernummer</subfield><subfield code="v">1981</subfield><subfield code="w">(RERO)0785368-41slsp</subfield></datafield><datafield ind1=" " ind2=" " tag="900"><subfield code="a">REROnoselfmerge</subfield></datafield></record>
</metadata></record>