<record><header><identifier>oai:alma.41SLSP_UGE:991000004999705502</identifier><datestamp>2023-06-27T00:15:02Z</datestamp><setSpec>uge_bcen_RapidILL_BOOK</setSpec><setSpec>uge_aaca_RapidILL_BOOK</setSpec><setSpec>uge_abels_RapidILL_BOOK</setSpec><setSpec>uge_dbu_RapidILL_BOOK</setSpec><setSpec>uge_cmu_RapidILL_BOOK</setSpec><setSpec>uge_mail_RapidILL_BOOK</setSpec><setSpec>uge_abbat_RapidILL_BOOK</setSpec><setSpec>UNIGE_ALL</setSpec><setSpec>uge_acar_RapidILL_BOOK</setSpec><setSpec>uge_aobs_RapidILL_BOOK</setSpec></header><metadata>
<record xmlns="http://www.loc.gov/MARC21/slim" xmlns:xsi="http://www.w3.org/2001/XMLSchema-instance" xsi:schemaLocation="http://www.loc.gov/MARC21/slim http://www.loc.gov/standards/marcxml/schema/MARC21slim.xsd"><leader>01380nam a22003372c 4500</leader><controlfield tag="001">991000004999705502</controlfield><controlfield tag="005">20230625135730.0</controlfield><controlfield tag="008">201012s1986    sp            10| | spa  </controlfield><datafield ind1=" " ind2=" " tag="020"><subfield code="a">8450552915</subfield></datafield><datafield ind1=" " ind2=" " tag="035"><subfield code="a">(swissbib)239191579-41slsp_network</subfield></datafield><datafield ind1=" " ind2=" " tag="035"><subfield code="a">239191579</subfield><subfield code="9">ExL</subfield></datafield><datafield ind1=" " ind2=" " tag="035"><subfield code="a">(IDSBB)004247448DSV01</subfield></datafield><datafield ind1=" " ind2=" " tag="035"><subfield code="a">(RERO)1353378-41slsp</subfield></datafield><datafield ind1=" " ind2=" " tag="035"><subfield code="a">(EXLNZ-41SLSP_NETWORK)991157805619705501</subfield></datafield><datafield ind1=" " ind2=" " tag="040"><subfield code="a">SzZuIDS BS/BE B550</subfield><subfield code="e">kids</subfield><subfield code="d">CH-ZuSLS</subfield></datafield><datafield ind1=" " ind2="7" tag="072"><subfield code="a">ar</subfield><subfield code="2">rero</subfield></datafield><datafield ind1="0" ind2="0" tag="245"><subfield code="a">Coloquio sobre el puteal de la Moncloa</subfield><subfield code="c">Ministerio de Cultura, Direccion General de Bellas Artes y Archivos</subfield></datafield><datafield ind1=" " ind2="1" tag="264"><subfield code="a">Madrid</subfield><subfield code="b">Ministerio de Cultura</subfield><subfield code="c">1986</subfield></datafield><datafield ind1=" " ind2=" " tag="300"><subfield code="a">225 S.</subfield><subfield code="b">Ill.</subfield><subfield code="c">25 cm</subfield></datafield><datafield ind1=" " ind2=" " tag="336"><subfield code="b">txt</subfield><subfield code="2">rdacontent</subfield></datafield><datafield ind1=" " ind2=" " tag="337"><subfield code="b">n</subfield><subfield code="2">rdamedia</subfield></datafield><datafield ind1=" " ind2=" " tag="338"><subfield code="b">nc</subfield><subfield code="2">rdacarrier</subfield></datafield><datafield ind1="1" ind2=" " tag="490"><subfield code="a">Catálogos y monografías / Museo arqueológico nacional</subfield><subfield code="v">10</subfield></datafield><datafield ind1="1" ind2=" " tag="490"><subfield code="a">Estudios de iconografía</subfield><subfield code="v">2</subfield></datafield><datafield ind1=" " ind2=" " tag="500"><subfield code="a">Actes du colloque tenu à Madrid les 14 et 15 novembre 1983</subfield></datafield><datafield ind1=" " ind2="7" tag="650"><subfield code="a">putéal</subfield><subfield code="0">(RERO)A010022664</subfield><subfield code="2">rerovoc</subfield></datafield><datafield ind1=" " ind2="7" tag="650"><subfield code="a">Relief (sculpture) grec</subfield><subfield code="0">(IDREF)031474632</subfield><subfield code="2">idref</subfield></datafield><datafield ind1=" " ind2="7" tag="655"><subfield code="a">Konferenzschrift</subfield><subfield code="2">gnd-content</subfield></datafield><datafield ind1="1" ind2=" " tag="710"><subfield code="a">Spanien</subfield><subfield code="b">Dirección General de Bellas Artes y Archivos</subfield><subfield code="0">(DE-588)605181-9</subfield></datafield><datafield ind1="2" ind2=" " tag="711"><subfield code="a">Coloquio sobre el Puteal de la Moncloa</subfield><subfield code="d">1983</subfield><subfield code="c">Madrid</subfield><subfield code="0">(RERO)A012369345</subfield></datafield><datafield ind1=" " ind2="0" tag="830"><subfield code="a">Catálogos y monografías</subfield><subfield code="v">10</subfield><subfield code="w">(IDSBB)005384550DSV01</subfield></datafield><datafield ind1=" " ind2="0" tag="830"><subfield code="a">Estudios de iconografía</subfield><subfield code="v">2</subfield><subfield code="w">(RERO)0823090-41slsp</subfield></datafield></record>
</metadata></record>