<record><header><identifier>oai:alma.41SLSP_UGE:991000004269705502</identifier><datestamp>2023-03-01T01:08:57Z</datestamp><setSpec>uge_bcen_RapidILL_BOOK</setSpec><setSpec>uge_aaca_RapidILL_BOOK</setSpec><setSpec>uge_abels_RapidILL_BOOK</setSpec><setSpec>uge_dbu_RapidILL_BOOK</setSpec><setSpec>uge_cmu_RapidILL_BOOK</setSpec><setSpec>uge_mail_RapidILL_BOOK</setSpec><setSpec>UNIGE_ALL</setSpec><setSpec>uge_abbat_RapidILL_BOOK</setSpec><setSpec>uge_aobs_RapidILL_BOOK</setSpec><setSpec>uge_acar_RapidILL_BOOK</setSpec></header><metadata>
<record xmlns="http://www.loc.gov/MARC21/slim" xmlns:xsi="http://www.w3.org/2001/XMLSchema-instance" xsi:schemaLocation="http://www.loc.gov/MARC21/slim http://www.loc.gov/standards/marcxml/schema/MARC21slim.xsd"><leader>01133nam a2200301 c 4500</leader><controlfield tag="001">991000004269705502</controlfield><controlfield tag="005">20201225165129.0</controlfield><controlfield tag="008">960525s1974    fr ||||| |||| 00| ||fre d</controlfield><datafield ind1=" " ind2=" " tag="020"><subfield code="z">2705656762</subfield><subfield code="q">erroné</subfield></datafield><datafield ind1=" " ind2=" " tag="035"><subfield code="a">(swissbib)079391095-41slsp_network</subfield></datafield><datafield ind1=" " ind2=" " tag="035"><subfield code="a">079391095</subfield><subfield code="9">ExL</subfield></datafield><datafield ind1=" " ind2=" " tag="035"><subfield code="a">(RERO)0495804-41slsp</subfield></datafield><datafield ind1=" " ind2=" " tag="035"><subfield code="a">(EXLNZ-41SLSP_NETWORK)991005502109705501</subfield></datafield><datafield ind1=" " ind2=" " tag="040"><subfield code="a">RERO</subfield><subfield code="d">CH-ZuSLS</subfield></datafield><datafield ind1=" " ind2="7" tag="072"><subfield code="a">ch</subfield><subfield code="2">rero</subfield></datafield><datafield ind1="1" ind2=" " tag="100"><subfield code="a">Laszlo, Pierre</subfield><subfield code="d">1938-....</subfield><subfield code="0">(IDREF)03155931X</subfield><subfield code="4">cre</subfield></datafield><datafield ind1="1" ind2="0" tag="245"><subfield code="a">Leçons de chimie</subfield><subfield code="c">Pierre Laszlo ; avec ill. de Savignac.</subfield><subfield code="n">2</subfield><subfield code="p">Les états de la matière / avec le concours de Denis Gratias et Jacques Livage</subfield></datafield><datafield ind1=" " ind2="1" tag="264"><subfield code="a">Paris</subfield><subfield code="b">Hermann</subfield><subfield code="c">1974</subfield></datafield><datafield ind1=" " ind2=" " tag="300"><subfield code="a">XIV, 183 p.</subfield><subfield code="b">ill.</subfield><subfield code="c">25 cm</subfield></datafield><datafield ind1=" " ind2=" " tag="336"><subfield code="b">txt</subfield><subfield code="2">rdacontent</subfield></datafield><datafield ind1=" " ind2=" " tag="337"><subfield code="b">n</subfield><subfield code="2">rdamedia</subfield></datafield><datafield ind1=" " ind2=" " tag="338"><subfield code="b">nc</subfield><subfield code="2">rdacarrier</subfield></datafield><datafield ind1="1" ind2=" " tag="490"><subfield code="a">Enseignement des sciences</subfield><subfield code="v">22</subfield></datafield><datafield ind1=" " ind2=" " tag="500"><subfield code="a">Ce volume porte par erreur le numéro de collection 21</subfield></datafield><datafield ind1="1" ind2=" " tag="700"><subfield code="a">Gratias, Denis</subfield><subfield code="d">1947-....</subfield><subfield code="0">(IDREF)026901161</subfield></datafield><datafield ind1="1" ind2=" " tag="700"><subfield code="a">Livage, Jacques</subfield><subfield code="d">1938-....</subfield><subfield code="0">(IDREF)026991764</subfield></datafield><datafield ind1=" " ind2="0" tag="830"><subfield code="a">Enseignement des sciences</subfield><subfield code="v">22</subfield></datafield><datafield ind1="1" ind2=" " tag="800"><subfield code="a">Laszlo, Pierre</subfield><subfield code="t">Leçons de chimie</subfield><subfield code="v">2</subfield><subfield code="w">(RERO)0488409-41slsp</subfield></datafield><datafield ind1=" " ind2=" " tag="900"><subfield code="a">REROnoselfmerge</subfield></datafield></record>
</metadata></record>