<record><header><identifier>oai:alma.41SLSP_UGE:991000004789705502</identifier><datestamp>2023-03-01T01:08:57Z</datestamp><setSpec>uge_bcen_RapidILL_BOOK</setSpec><setSpec>uge_aaca_RapidILL_BOOK</setSpec><setSpec>uge_abels_RapidILL_BOOK</setSpec><setSpec>uge_dbu_RapidILL_BOOK</setSpec><setSpec>uge_cmu_RapidILL_BOOK</setSpec><setSpec>uge_mail_RapidILL_BOOK</setSpec><setSpec>UNIGE_ALL</setSpec><setSpec>uge_abbat_RapidILL_BOOK</setSpec><setSpec>uge_acar_RapidILL_BOOK</setSpec><setSpec>uge_aobs_RapidILL_BOOK</setSpec></header><metadata>
<record xmlns="http://www.loc.gov/MARC21/slim" xmlns:xsi="http://www.w3.org/2001/XMLSchema-instance" xsi:schemaLocation="http://www.loc.gov/MARC21/slim http://www.loc.gov/standards/marcxml/schema/MARC21slim.xsd"><leader>01054nam a2200313 c 4500</leader><controlfield tag="001">991000004789705502</controlfield><controlfield tag="005">20230208204133.0</controlfield><controlfield tag="008">201011s1989    it ||||| |||| 00| ||ita d</controlfield><datafield ind1=" " ind2=" " tag="020"><subfield code="a">8878370053</subfield></datafield><datafield ind1=" " ind2=" " tag="035"><subfield code="a">(swissbib)213585189-41slsp_network</subfield></datafield><datafield ind1=" " ind2=" " tag="035"><subfield code="a">213585189</subfield><subfield code="9">ExL</subfield></datafield><datafield ind1=" " ind2=" " tag="035"><subfield code="a">(RERO)1211724-41slsp</subfield></datafield><datafield ind1=" " ind2=" " tag="035"><subfield code="a">(IDSBB)004193406DSV01</subfield></datafield><datafield ind1=" " ind2=" " tag="035"><subfield code="a">(EXLNZ-41SLSP_NETWORK)991109184299705501</subfield></datafield><datafield ind1=" " ind2=" " tag="040"><subfield code="a">RERO nebpun</subfield><subfield code="d">CH-ZuSLS</subfield></datafield><datafield ind1=" " ind2="7" tag="072"><subfield code="a">ba</subfield><subfield code="2">rero</subfield></datafield><datafield ind1=" " ind2="7" tag="072"><subfield code="a">bo</subfield><subfield code="2">rero</subfield></datafield><datafield ind1="1" ind2=" " tag="100"><subfield code="a">Cunico, Mariapia</subfield><subfield code="0">(IDREF)169163342</subfield><subfield code="4">cre</subfield></datafield><datafield ind1="1" ind2="0" tag="245"><subfield code="a">&lt;&lt;Il&gt;&gt; giardino veneziano</subfield><subfield code="b">la storia, l'architettura, la botanica</subfield><subfield code="c">Mariapia Cunico ; catalogazione a cura di Maria Antico ... [et al.]</subfield></datafield><datafield ind1=" " ind2="1" tag="264"><subfield code="a">Venezia</subfield><subfield code="b">Albrizzi</subfield><subfield code="c">1989</subfield></datafield><datafield ind1=" " ind2=" " tag="300"><subfield code="a">194 p.</subfield><subfield code="b">ill.</subfield><subfield code="c">32 cm</subfield></datafield><datafield ind1=" " ind2=" " tag="336"><subfield code="b">txt</subfield><subfield code="2">rdacontent</subfield></datafield><datafield ind1=" " ind2=" " tag="337"><subfield code="b">n</subfield><subfield code="2">rdamedia</subfield></datafield><datafield ind1=" " ind2=" " tag="338"><subfield code="b">nc</subfield><subfield code="2">rdacarrier</subfield></datafield><datafield ind1="1" ind2=" " tag="490"><subfield code="a">Venetiae</subfield></datafield><datafield ind1=" " ind2="7" tag="650"><subfield code="a">Jardins</subfield><subfield code="0">(IDREF)027295605</subfield><subfield code="2">idref</subfield></datafield><datafield ind1=" " ind2="7" tag="651"><subfield code="a">Venise (Italie)</subfield><subfield code="0">(IDREF)027251411</subfield><subfield code="2">idref</subfield></datafield><datafield ind1="1" ind2=" " tag="700"><subfield code="a">Antico, Maria</subfield><subfield code="d">19..-....</subfield><subfield code="0">(IDREF)250631393</subfield></datafield><datafield ind1=" " ind2="0" tag="830"><subfield code="a">Venetiae</subfield><subfield code="w">(RERO)0940476-41slsp</subfield></datafield><datafield ind1=" " ind2=" " tag="900"><subfield code="a">REROnoselfmerge</subfield></datafield><datafield ind1=" " ind2=" " tag="993"><subfield code="a">BFLB 9655</subfield><subfield code="x">ge/ulit/a/90/151</subfield><subfield code="9">LOCAL</subfield></datafield></record>
</metadata></record>