<record><header><identifier>oai:alma.41SLSP_UGE:991000004699705502</identifier><datestamp>2024-07-27T01:42:45Z</datestamp><setSpec>uge_bcen_RapidILL_BOOK</setSpec><setSpec>uge_aaca_RapidILL_BOOK</setSpec><setSpec>uge_abels_RapidILL_BOOK</setSpec><setSpec>uge_dbu_RapidILL_BOOK</setSpec><setSpec>uge_cmu_RapidILL_BOOK</setSpec><setSpec>uge_mail_RapidILL_BOOK</setSpec><setSpec>uge_abbat_RapidILL_BOOK</setSpec><setSpec>UNIGE_ALL</setSpec><setSpec>uge_acar_RapidILL_BOOK</setSpec><setSpec>uge_aobs_RapidILL_BOOK</setSpec></header><metadata>
<record xmlns="http://www.loc.gov/MARC21/slim" xmlns:xsi="http://www.w3.org/2001/XMLSchema-instance" xsi:schemaLocation="http://www.loc.gov/MARC21/slim http://www.loc.gov/standards/marcxml/schema/MARC21slim.xsd"><leader>03527nam a2200793 c 4500</leader><controlfield tag="001">991000004699705502</controlfield><controlfield tag="005">20230502191439.0</controlfield><controlfield tag="008">201011s2014    xxk           000 0 eng|d</controlfield><datafield ind1=" " ind2=" " tag="020"><subfield code="a">9780198712619</subfield><subfield code="q">hardback : alk. paper</subfield></datafield><datafield ind1=" " ind2=" " tag="020"><subfield code="a">0198712618</subfield></datafield><datafield ind1="7" ind2=" " tag="024"><subfield code="a">http://catalogue.bnf.fr/ark:/12148/cb44238140f</subfield><subfield code="2">uri</subfield></datafield><datafield ind1=" " ind2=" " tag="035"><subfield code="a">(swissbib)221639365-41slsp_network</subfield></datafield><datafield ind1=" " ind2=" " tag="035"><subfield code="a">221639365</subfield><subfield code="9">ExL</subfield></datafield><datafield ind1=" " ind2=" " tag="035"><subfield code="a">(IDSLU)001337655ILU01</subfield></datafield><datafield ind1=" " ind2=" " tag="035"><subfield code="a">(RERO)R007774461-41slsp</subfield></datafield><datafield ind1=" " ind2=" " tag="035"><subfield code="a">(NEBIS)010153625EBI01</subfield></datafield><datafield ind1=" " ind2=" " tag="035"><subfield code="a">(OCoLC)1030972123</subfield><subfield code="z">(OCoLC)1031050051</subfield></datafield><datafield ind1=" " ind2=" " tag="035"><subfield code="a">(OCoLC)876680718</subfield></datafield><datafield ind1=" " ind2=" " tag="035"><subfield code="a">(EXLNZ-41SLSP_NETWORK)991097602579705501</subfield></datafield><datafield ind1=" " ind2=" " tag="040"><subfield code="a">YDX</subfield><subfield code="b">ger</subfield><subfield code="e">rda</subfield><subfield code="d">CH-ZuSLS</subfield></datafield><datafield ind1="0" ind2=" " tag="041"><subfield code="a">eng</subfield></datafield><datafield ind1=" " ind2="7" tag="072"><subfield code="a">012</subfield><subfield code="2">IDS LU</subfield></datafield><datafield ind1=" " ind2="7" tag="072"><subfield code="a">an</subfield><subfield code="2">rero</subfield></datafield><datafield ind1="0" ind2="4" tag="082"><subfield code="a">820.9</subfield><subfield code="2">23</subfield></datafield><datafield ind1=" " ind2=" " tag="084"><subfield code="a">HI 1115</subfield><subfield code="2">rvk</subfield></datafield><datafield ind1="1" ind2=" " tag="100"><subfield code="a">Crawford, Julie</subfield><subfield code="d">1968-</subfield><subfield code="0">(DE-588)136859879</subfield><subfield code="e">Verfasser</subfield><subfield code="4">aut</subfield><subfield code="6">880-01</subfield></datafield><datafield ind1="1" ind2=" " tag="880"><subfield code="6">100-01</subfield><subfield code="a">Crawford, Julie</subfield><subfield code="d">1968-....</subfield><subfield code="0">(IDREF)11572432X</subfield><subfield code="4">cre</subfield></datafield><datafield ind1="1" ind2="0" tag="245"><subfield code="a">Mediatrix</subfield><subfield code="b">women, politics, and literary production in early modern England</subfield><subfield code="c">Julie Crawford</subfield></datafield><datafield ind1=" " ind2=" " tag="250"><subfield code="a">First edition</subfield></datafield><datafield ind1=" " ind2="1" tag="264"><subfield code="a">Oxford</subfield><subfield code="b">Oxford University Press</subfield><subfield code="c">2014</subfield></datafield><datafield ind1=" " ind2=" " tag="300"><subfield code="a">x, 257 Seiten</subfield><subfield code="b">ill.</subfield></datafield><datafield ind1=" " ind2=" " tag="336"><subfield code="b">txt</subfield><subfield code="2">rdacontent</subfield></datafield><datafield ind1=" " ind2=" " tag="337"><subfield code="b">n</subfield><subfield code="2">rdamedia</subfield></datafield><datafield ind1=" " ind2=" " tag="338"><subfield code="b">nc</subfield><subfield code="2">rdacarrier</subfield></datafield><datafield ind1="1" ind2="7" tag="600"><subfield code="a">Bedford, Lucy Russell</subfield><subfield code="c">Countess of</subfield><subfield code="d">1581-1627</subfield><subfield code="0">(DE-588)137268718</subfield><subfield code="2">gnd</subfield></datafield><datafield ind1="1" ind2="7" tag="600"><subfield code="a">Hoby, Margaret</subfield><subfield code="d">1570-1633</subfield><subfield code="0">(DE-588)123556422</subfield><subfield code="2">gnd</subfield></datafield><datafield ind1="1" ind2="7" tag="600"><subfield code="a">Pembroke, Mary Herbert &lt;&lt;of&gt;&gt;</subfield><subfield code="d">1561-1621</subfield><subfield code="0">(DE-588)11896562X</subfield><subfield code="2">gnd</subfield></datafield><datafield ind1="1" ind2="7" tag="600"><subfield code="a">Wroth, Mary</subfield><subfield code="d">1587-1653</subfield><subfield code="0">(DE-588)119021455</subfield><subfield code="2">gnd</subfield></datafield><datafield ind1="1" ind2="7" tag="600"><subfield code="a">Bedford, Lucy Russell</subfield><subfield code="c">Countess of</subfield><subfield code="d">1581-1627</subfield><subfield code="0">(DE-588)137268718</subfield><subfield code="2">gnd</subfield></datafield><datafield ind1="1" ind2="7" tag="600"><subfield code="a">Pembroke, Mary Sidney Herbert</subfield><subfield code="c">Countess of</subfield><subfield code="d">1561-1621</subfield><subfield code="2">idszbzes</subfield></datafield><datafield ind1="1" ind2="7" tag="600"><subfield code="a">Hoby, Margaret</subfield><subfield code="c">Lady</subfield><subfield code="d">1570 or 1571-1633</subfield><subfield code="2">idszbzes</subfield></datafield><datafield ind1="1" ind2="7" tag="600"><subfield code="a">Bedford, Lucy Russell</subfield><subfield code="c">Countess of</subfield><subfield code="d">-1627</subfield><subfield code="2">idszbzes</subfield></datafield><datafield ind1="1" ind2="7" tag="600"><subfield code="a">Wroth, Mary</subfield><subfield code="c">Lady</subfield><subfield code="d">ca.1586-ca.1640</subfield><subfield code="2">idszbzes</subfield></datafield><datafield ind1=" " ind2="7" tag="648"><subfield code="a">Geschichte 1500-1700</subfield><subfield code="2">gnd</subfield></datafield><datafield ind1=" " ind2="7" tag="648"><subfield code="a">Geschichte 1500-1660</subfield><subfield code="2">gnd</subfield></datafield><datafield ind1=" " ind2="7" tag="648"><subfield code="a">Geschichte 1500-1600</subfield><subfield code="2">idszbz</subfield></datafield><datafield ind1=" " ind2="7" tag="648"><subfield code="a">Geschichte 1600-1700</subfield><subfield code="2">idszbz</subfield></datafield><datafield ind1=" " ind2="7" tag="650"><subfield code="a">Femmes écrivains</subfield><subfield code="0">(IDREF)027320618</subfield><subfield code="2">idref</subfield></datafield><datafield ind1=" " ind2="7" tag="650"><subfield code="a">16e siècle-17e siècle</subfield><subfield code="2">idref</subfield></datafield><datafield ind1=" " ind2="7" tag="650"><subfield code="a">Humanisme</subfield><subfield code="0">(IDREF)027565211</subfield><subfield code="2">idref</subfield></datafield><datafield ind1=" " ind2="7" tag="650"><subfield code="a">Frau</subfield><subfield code="0">(DE-588)4018202-2</subfield><subfield code="2">gnd</subfield></datafield><datafield ind1=" " ind2="7" tag="650"><subfield code="a">Literarisches Leben</subfield><subfield code="0">(DE-588)4074272-6</subfield><subfield code="2">gnd</subfield></datafield><datafield ind1=" " ind2="7" tag="650"><subfield code="a">Politische Betätigung</subfield><subfield code="0">(DE-588)4133612-4</subfield><subfield code="2">gnd</subfield></datafield><datafield ind1=" " ind2="0" tag="650"><subfield code="a">English literature</subfield><subfield code="y">Early modern, 1500-1700</subfield><subfield code="x">History and criticism</subfield></datafield><datafield ind1=" " ind2="7" tag="650"><subfield code="a">Women and literature</subfield><subfield code="z">England</subfield><subfield code="x">History</subfield><subfield code="y">16th century</subfield><subfield code="2">idszbzes</subfield></datafield><datafield ind1=" " ind2="7" tag="650"><subfield code="a">Women and literature</subfield><subfield code="z">England</subfield><subfield code="x">History</subfield><subfield code="y">17th century</subfield><subfield code="2">idszbzes</subfield></datafield><datafield ind1=" " ind2="7" tag="650"><subfield code="a">Authors and patrons</subfield><subfield code="z">England</subfield><subfield code="y">16th century</subfield><subfield code="2">idszbzes</subfield></datafield><datafield ind1=" " ind2="7" tag="650"><subfield code="a">Authors and patrons</subfield><subfield code="z">England</subfield><subfield code="y">17th century</subfield><subfield code="2">idszbzes</subfield></datafield><datafield ind1=" " ind2="0" tag="650"><subfield code="a">English literature</subfield><subfield code="x">Women authors</subfield><subfield code="x">History and criticism</subfield></datafield><datafield ind1=" " ind2="0" tag="650"><subfield code="a">Literary patrons</subfield><subfield code="z">England</subfield></datafield><datafield ind1=" " ind2="0" tag="650"><subfield code="a">Authors and patrons</subfield><subfield code="z">Europe</subfield><subfield code="x">History</subfield><subfield code="y">16th century</subfield></datafield><datafield ind1=" " ind2="0" tag="650"><subfield code="a">Authors and patrons</subfield><subfield code="z">Europe</subfield><subfield code="x">History</subfield><subfield code="y">17century</subfield></datafield><datafield ind1=" " ind2="7" tag="651"><subfield code="a">Grande-Bretagne</subfield><subfield code="0">(IDREF)027228231</subfield><subfield code="2">idref</subfield></datafield><datafield ind1=" " ind2="7" tag="651"><subfield code="a">England</subfield><subfield code="0">(DE-588)4014770-8</subfield><subfield code="2">gnd</subfield></datafield><datafield ind1="4" ind2=" " tag="856"><subfield code="3">Titelblatt und Inhaltsverzeichnis</subfield><subfield code="u">https://toc.library.ethz.ch/objects/pdf03/z01_978-0-19-871261-9_01.pdf</subfield><subfield code="q">pdf</subfield></datafield><datafield ind1=" " ind2=" " tag="900"><subfield code="a">REROnoselfmerge</subfield></datafield><datafield ind1=" " ind2=" " tag="900"><subfield code="a">IDSZ2esmon201410f</subfield><subfield code="c">IDSZ2lang</subfield><subfield code="d">IDSZ2esswk201410b</subfield><subfield code="e">IDSZ2leud</subfield></datafield><datafield ind1=" " ind2=" " tag="900"><subfield code="a">IDSZ2zbzmon201412l</subfield><subfield code="c">IDSZ2dome</subfield><subfield code="d">IDSZ2zbzswk201412g</subfield><subfield code="e">IDSZ2trun</subfield></datafield><datafield ind1=" " ind2=" " tag="910"><subfield code="a">LOC</subfield><subfield code="b">20140620</subfield><subfield code="c">Droits réservés</subfield></datafield><datafield ind1=" " ind2=" " tag="949"><subfield code="a">https://toc.library.ethz.ch/objects/pdf03/z01_978-0-19-871261-9_01.pdf</subfield></datafield></record>
</metadata></record>