<record><header><identifier>oai:alma.41SLSP_UGE:991000005009705502</identifier><datestamp>2023-03-01T01:08:57Z</datestamp><setSpec>uge_bcen_RapidILL_BOOK</setSpec><setSpec>uge_aaca_RapidILL_BOOK</setSpec><setSpec>uge_abels_RapidILL_BOOK</setSpec><setSpec>uge_dbu_RapidILL_BOOK</setSpec><setSpec>uge_cmu_RapidILL_BOOK</setSpec><setSpec>uge_mail_RapidILL_BOOK</setSpec><setSpec>UNIGE_ALL</setSpec><setSpec>uge_abbat_RapidILL_BOOK</setSpec><setSpec>uge_aobs_RapidILL_BOOK</setSpec><setSpec>uge_acar_RapidILL_BOOK</setSpec></header><metadata>
<record xmlns="http://www.loc.gov/MARC21/slim" xmlns:xsi="http://www.w3.org/2001/XMLSchema-instance" xsi:schemaLocation="http://www.loc.gov/MARC21/slim http://www.loc.gov/standards/marcxml/schema/MARC21slim.xsd"><leader>01575nam a2200325 c 4500</leader><controlfield tag="001">991000005009705502</controlfield><controlfield tag="005">20211122125236.0</controlfield><controlfield tag="008">950119s1994    sz ||||| |||| 10| ||ger d</controlfield><datafield ind1=" " ind2=" " tag="035"><subfield code="a">(swissbib)08956605X-41slsp_network</subfield></datafield><datafield ind1=" " ind2=" " tag="035"><subfield code="a">08956605X</subfield><subfield code="9">ExL</subfield></datafield><datafield ind1=" " ind2=" " tag="035"><subfield code="a">(RERO)1967424-41slsp</subfield></datafield><datafield ind1=" " ind2=" " tag="035"><subfield code="a">(EXLNZ-41SLSP_NETWORK)991129034649705501</subfield></datafield><datafield ind1=" " ind2=" " tag="040"><subfield code="a">RERO frbcuc</subfield><subfield code="d">CH-ZuSLS</subfield></datafield><datafield ind1="0" ind2=" " tag="041"><subfield code="a">ger</subfield><subfield code="a">eng</subfield><subfield code="a">fre</subfield></datafield><datafield ind1=" " ind2=" " tag="044"><subfield code="a">sz</subfield><subfield code="c">ch-fr</subfield></datafield><datafield ind1=" " ind2="7" tag="072"><subfield code="a">sp</subfield><subfield code="2">rero</subfield></datafield><datafield ind1="0" ind2="0" tag="245"><subfield code="a">Europa und die Schweiz</subfield><subfield code="b">Vortragsreihe an der Universität Bern, 1994</subfield><subfield code="c">Organisation: Institut für Politikwissenschaft = L'Europe et la Suisse : cycle de conférences à l'Université de Berne, 1994 / organisé par l'Institut de sciences politiques ; wissenschaftliche Leitung: K. Armingeon</subfield></datafield><datafield ind1="1" ind2=" " tag="246"><subfield code="a">Europe et la Suisse</subfield></datafield><datafield ind1=" " ind2="1" tag="264"><subfield code="a">[Bern]</subfield><subfield code="b">[Eidgenössisches Personalamt]</subfield><subfield code="c">[1994]</subfield></datafield><datafield ind1=" " ind2="3" tag="264"><subfield code="a">[Freiburg Schw.]</subfield><subfield code="b">[Paulusdruck.]</subfield></datafield><datafield ind1=" " ind2=" " tag="300"><subfield code="a">135 S.</subfield><subfield code="b">Tab.</subfield><subfield code="c">21 cm</subfield></datafield><datafield ind1=" " ind2=" " tag="336"><subfield code="b">txt</subfield><subfield code="2">rdacontent</subfield></datafield><datafield ind1=" " ind2=" " tag="337"><subfield code="b">n</subfield><subfield code="2">rdamedia</subfield></datafield><datafield ind1=" " ind2=" " tag="338"><subfield code="b">nc</subfield><subfield code="2">rdacarrier</subfield></datafield><datafield ind1=" " ind2=" " tag="500"><subfield code="a">Unterlagen zu Bildungsveranstaltungen des Eidgenössischen Personalamtes = Documentation concernant les colloques organisés par l'Office fédéral du personnel</subfield></datafield><datafield ind1=" " ind2="7" tag="651"><subfield code="a">Suisse</subfield><subfield code="0">(IDREF)027249654</subfield><subfield code="2">idref</subfield></datafield><datafield ind1=" " ind2="7" tag="651"><subfield code="a">Europe</subfield><subfield code="x">Unité</subfield><subfield code="0">(IDREF)027495892</subfield><subfield code="2">idref</subfield></datafield><datafield ind1=" " ind2="7" tag="655"><subfield code="a">[Études diverses]</subfield><subfield code="0">(RERO)A022249905</subfield><subfield code="2">rero</subfield></datafield><datafield ind1="1" ind2=" " tag="710"><subfield code="a">Suisse</subfield><subfield code="b">Office fédéral du personnel</subfield><subfield code="b">Cycle de conférences</subfield><subfield code="d">1994</subfield><subfield code="c">Bern</subfield><subfield code="0">(RERO)A016602075</subfield></datafield><datafield ind1="2" ind2=" " tag="710"><subfield code="a">Universität Bern</subfield><subfield code="b">Institut für Politikwissenschaft</subfield><subfield code="b">Vortragsreihe</subfield><subfield code="d">1994</subfield><subfield code="c">Bern</subfield><subfield code="0">(RERO)A012507588</subfield></datafield><datafield ind1=" " ind2=" " tag="900"><subfield code="a">REROnoselfmerge</subfield></datafield><datafield ind1=" " ind2=" " tag="961"><subfield code="2">gsi</subfield><subfield code="a">940:494</subfield><subfield code="9">LOCAL</subfield></datafield><datafield ind1=" " ind2=" " tag="961"><subfield code="2">gsi</subfield><subfield code="a">949.4:4</subfield><subfield code="9">LOCAL</subfield></datafield></record>
</metadata></record>