<record><header><identifier>oai:alma.41SLSP_UGE:991000004279705502</identifier><datestamp>2023-04-23T00:11:10Z</datestamp><setSpec>uge_bcen_RapidILL_BOOK</setSpec><setSpec>uge_aaca_RapidILL_BOOK</setSpec><setSpec>uge_abels_RapidILL_BOOK</setSpec><setSpec>uge_dbu_RapidILL_BOOK</setSpec><setSpec>uge_cmu_RapidILL_BOOK</setSpec><setSpec>uge_mail_RapidILL_BOOK</setSpec><setSpec>uge_abbat_RapidILL_BOOK</setSpec><setSpec>UNIGE_ALL</setSpec><setSpec>uge_acar_RapidILL_BOOK</setSpec><setSpec>uge_aobs_RapidILL_BOOK</setSpec></header><metadata>
<record xmlns="http://www.loc.gov/MARC21/slim" xmlns:xsi="http://www.w3.org/2001/XMLSchema-instance" xsi:schemaLocation="http://www.loc.gov/MARC21/slim http://www.loc.gov/standards/marcxml/schema/MARC21slim.xsd"><leader>02030nam a2200457 c 4500</leader><controlfield tag="001">991000004279705502</controlfield><controlfield tag="005">20201231104506.0</controlfield><controlfield tag="008">201012t19951995gw ||||| |||| 00| ||eng d</controlfield><datafield ind1=" " ind2=" " tag="020"><subfield code="a">3540592512</subfield><subfield code="q">Springer</subfield></datafield><datafield ind1=" " ind2=" " tag="020"><subfield code="a">2868832482</subfield><subfield code="q">Ed. de Physique</subfield></datafield><datafield ind1="7" ind2=" " tag="024"><subfield code="a">http://catalogue.bnf.fr/ark:/12148/cb36158816x</subfield><subfield code="2">uri</subfield></datafield><datafield ind1=" " ind2=" " tag="035"><subfield code="a">(swissbib)236627570-41slsp_network</subfield></datafield><datafield ind1=" " ind2=" " tag="035"><subfield code="a">236627570</subfield><subfield code="9">ExL</subfield></datafield><datafield ind1=" " ind2=" " tag="035"><subfield code="a">(RERO)2215986-41slsp</subfield></datafield><datafield ind1=" " ind2=" " tag="035"><subfield code="a">(NEBIS)001460210EBI01</subfield></datafield><datafield ind1=" " ind2=" " tag="035"><subfield code="a">(IDSBB)002054814DSV01</subfield></datafield><datafield ind1=" " ind2=" " tag="035"><subfield code="a">(EXLNZ-41SLSP_NETWORK)991050553949705501</subfield></datafield><datafield ind1=" " ind2=" " tag="040"><subfield code="a">RERO geussm</subfield><subfield code="d">CH-ZuSLS</subfield></datafield><datafield ind1=" " ind2="7" tag="072"><subfield code="a">ma</subfield><subfield code="2">rero</subfield></datafield><datafield ind1=" " ind2=" " tag="084"><subfield code="a">82</subfield><subfield code="2">msc</subfield></datafield><datafield ind1=" " ind2=" " tag="084"><subfield code="a">UQ 8750</subfield><subfield code="2">rvk</subfield></datafield><datafield ind1="0" ind2="0" tag="245"><subfield code="a">Beyond quasicrystals</subfield><subfield code="b">Les Houches, March 7-18, 1994</subfield><subfield code="c">ed., Françoise Axel, Denis Gratias</subfield></datafield><datafield ind1=" " ind2="1" tag="264"><subfield code="a">Berlin [etc.]</subfield><subfield code="b">Springer</subfield><subfield code="a">Les Ulis France</subfield><subfield code="b">Les Editions de Physique</subfield><subfield code="c">1995</subfield></datafield><datafield ind1=" " ind2="4" tag="264"><subfield code="c">© 1995</subfield></datafield><datafield ind1=" " ind2=" " tag="300"><subfield code="a">XVI, 619 S.</subfield><subfield code="c">24 cm</subfield><subfield code="b">Ill.</subfield></datafield><datafield ind1=" " ind2=" " tag="336"><subfield code="b">txt</subfield><subfield code="2">rdacontent</subfield></datafield><datafield ind1=" " ind2=" " tag="337"><subfield code="b">n</subfield><subfield code="2">rdamedia</subfield></datafield><datafield ind1=" " ind2=" " tag="338"><subfield code="b">nc</subfield><subfield code="2">rdacarrier</subfield></datafield><datafield ind1="1" ind2=" " tag="490"><subfield code="a">Centre de Physique</subfield><subfield code="v">3</subfield></datafield><datafield ind1=" " ind2=" " tag="500"><subfield code="a">Le dos du livre porte le chiffre &quot;3&quot;, se référant probablement à la numérotation de &quot;Winter School&quot; aux Houches, en Haute-Savoie</subfield></datafield><datafield ind1=" " ind2=" " tag="500"><subfield code="a">Anlassname: Winter School &quot;Beyond Quasicrystals&quot;, Les Houches</subfield></datafield><datafield ind1=" " ind2="7" tag="650"><subfield code="a">ANORDNUNGEN GEOMETRISCHER GEBILDE (GEOMETRIE)</subfield><subfield code="9">ger</subfield><subfield code="0">(ETHUDK)000012911</subfield><subfield code="2">ethudk</subfield></datafield><datafield ind1=" " ind2="7" tag="650"><subfield code="a">QUASIKRISTALLE + APERIODISCHE KRISTALLE</subfield><subfield code="9">ger</subfield><subfield code="0">(ETHUDK)000019591</subfield><subfield code="2">ethudk</subfield></datafield><datafield ind1=" " ind2="7" tag="650"><subfield code="a">VORLESUNGEN + VORTRÄGE (DOKUMENTENTYP)</subfield><subfield code="9">ger</subfield><subfield code="0">(ETHUDK)000036840</subfield><subfield code="2">ethudk</subfield></datafield><datafield ind1=" " ind2="7" tag="655"><subfield code="a">Konferenzschrift</subfield><subfield code="z">Les Houches</subfield><subfield code="y">1994</subfield><subfield code="2">gnd-content</subfield></datafield><datafield ind1="1" ind2=" " tag="700"><subfield code="a">Axel, Françoise</subfield><subfield code="d">1945-....</subfield><subfield code="0">(IDREF)035372621</subfield></datafield><datafield ind1="2" ind2=" " tag="710"><subfield code="a">Centre de physique</subfield><subfield code="g">Les Houches, Haute-Savoie, France</subfield><subfield code="0">(IDREF)034330267</subfield></datafield><datafield ind1="2" ind2=" " tag="711"><subfield code="a">Winter School &quot;Beyond Quasicrystals&quot;</subfield><subfield code="d">1995</subfield><subfield code="c">Les Houches</subfield><subfield code="0">(DE-588)1091403171</subfield></datafield><datafield ind1="2" ind2=" " tag="711"><subfield code="a">Winter School &quot;Beyond Quasicrystals&quot;</subfield><subfield code="0">(DE-588)1091724881</subfield></datafield><datafield ind1=" " ind2=" " tag="830"><subfield code="a">Centre de physique des Houches</subfield><subfield code="v">3</subfield><subfield code="w">(IDSBB)001273928DSV01</subfield></datafield><datafield ind1=" " ind2=" " tag="830"><subfield code="a">Centre de Physique</subfield><subfield code="v">3</subfield><subfield code="w">(NEBIS)001647969EBI01</subfield></datafield><datafield ind1=" " ind2=" " tag="900"><subfield code="a">REROnoselfmerge</subfield></datafield></record>
</metadata></record>