<record><header><identifier>oai:alma.41SLSP_UGE:991000004719705502</identifier><datestamp>2023-03-01T01:08:57Z</datestamp><setSpec>uge_bcen_RapidILL_BOOK</setSpec><setSpec>uge_aaca_RapidILL_BOOK</setSpec><setSpec>uge_abels_RapidILL_BOOK</setSpec><setSpec>uge_dbu_RapidILL_BOOK</setSpec><setSpec>uge_cmu_RapidILL_BOOK</setSpec><setSpec>uge_mail_RapidILL_BOOK</setSpec><setSpec>UNIGE_ALL</setSpec><setSpec>uge_abbat_RapidILL_BOOK</setSpec><setSpec>uge_aobs_RapidILL_BOOK</setSpec><setSpec>uge_acar_RapidILL_BOOK</setSpec></header><metadata>
<record xmlns="http://www.loc.gov/MARC21/slim" xmlns:xsi="http://www.w3.org/2001/XMLSchema-instance" xsi:schemaLocation="http://www.loc.gov/MARC21/slim http://www.loc.gov/standards/marcxml/schema/MARC21slim.xsd"><leader>01963nam a2200457 c 4500</leader><controlfield tag="001">991000004719705502</controlfield><controlfield tag="005">20230220193643.0</controlfield><controlfield tag="008">000805m19891995fr ||||| |||| 00| ||fre d</controlfield><datafield ind1=" " ind2=" " tag="020"><subfield code="a">2850880418</subfield></datafield><datafield ind1=" " ind2=" " tag="020"><subfield code="a">2850880426</subfield></datafield><datafield ind1=" " ind2=" " tag="020"><subfield code="a">2850880477</subfield><subfield code="q">Vol. 3</subfield></datafield><datafield ind1="7" ind2=" " tag="024"><subfield code="a">http://catalogue.bnf.fr/ark:/12148/cb35065425z</subfield><subfield code="2">uri</subfield></datafield><datafield ind1=" " ind2=" " tag="035"><subfield code="a">(swissbib)08436422X-41slsp_network</subfield></datafield><datafield ind1=" " ind2=" " tag="035"><subfield code="a">08436422X</subfield><subfield code="9">ExL</subfield></datafield><datafield ind1=" " ind2=" " tag="035"><subfield code="a">(RERO)1197876-41slsp</subfield></datafield><datafield ind1=" " ind2=" " tag="035"><subfield code="a">(EXLNZ-41SLSP_NETWORK)991139590569705501</subfield></datafield><datafield ind1=" " ind2=" " tag="040"><subfield code="a">RERO frbcuc</subfield><subfield code="d">CH-ZuSLS</subfield></datafield><datafield ind1="1" ind2=" " tag="041"><subfield code="a">fre</subfield><subfield code="h">eng</subfield></datafield><datafield ind1=" " ind2="7" tag="072"><subfield code="a">ba</subfield><subfield code="2">rero</subfield></datafield><datafield ind1="0" ind2=" " tag="100"><subfield code="a">Michel-Ange</subfield><subfield code="d">1475-1564</subfield><subfield code="0">(IDREF)026650800</subfield><subfield code="4">cre</subfield></datafield><datafield ind1="1" ind2="0" tag="245"><subfield code="a">&lt;&lt;La&gt;&gt; Chapelle Sixtine</subfield><subfield code="c">Michelangelo ; textes de: Frederick Hartt, Fabrizio Mancinelli, Marie-José Mondzain ; [photogr.: Takashi Okamura] ; [trad.: Dominique Férault]</subfield></datafield><datafield ind1=" " ind2=" " tag="250"><subfield code="a">Première édition</subfield></datafield><datafield ind1=" " ind2="1" tag="264"><subfield code="a">Paris</subfield><subfield code="b">Ed. Citadelles</subfield><subfield code="c">[1989-1995]</subfield></datafield><datafield ind1=" " ind2="4" tag="264"><subfield code="c">© 1989-1995</subfield></datafield><datafield ind1=" " ind2=" " tag="300"><subfield code="a">3 vol. dans un emboîtage</subfield><subfield code="b">très nombr. ill. couleur</subfield><subfield code="c">44 cm</subfield></datafield><datafield ind1=" " ind2=" " tag="336"><subfield code="b">txt</subfield><subfield code="2">rdacontent</subfield></datafield><datafield ind1=" " ind2=" " tag="337"><subfield code="b">n</subfield><subfield code="2">rdamedia</subfield></datafield><datafield ind1=" " ind2=" " tag="338"><subfield code="b">nc</subfield><subfield code="2">rdacarrier</subfield></datafield><datafield ind1=" " ind2=" " tag="500"><subfield code="a">Traduit de: New light on Michelangelo in the Sistine Chapel</subfield></datafield><datafield ind1=" " ind2=" " tag="500"><subfield code="a">Titre du vol. 3 : &quot;Le jugement dernier&quot; / textes de Pierluigi De Vecchi et Gianluigi Colalucci</subfield></datafield><datafield ind1=" " ind2=" " tag="500"><subfield code="a">Justification du tirage: - 3000 exemplaires numérotés de 1 à 3000</subfield></datafield><datafield ind1="0" ind2="7" tag="600"><subfield code="a">Michel-Ange</subfield><subfield code="d">1475-1564</subfield><subfield code="0">(IDREF)026650800</subfield><subfield code="2">idref</subfield></datafield><datafield ind1=" " ind2="7" tag="650"><subfield code="a">Peinture et décoration murales</subfield><subfield code="0">(IDREF)027246299</subfield><subfield code="2">idref</subfield></datafield><datafield ind1=" " ind2="7" tag="651"><subfield code="a">Vatican</subfield><subfield code="x">Cappella Sistina</subfield><subfield code="0">(IDREF)02815665X</subfield><subfield code="2">idref</subfield></datafield><datafield ind1="1" ind2=" " tag="700"><subfield code="a">Hartt, Frederick</subfield><subfield code="d">1914-1991</subfield><subfield code="0">(IDREF)028943198</subfield></datafield><datafield ind1="1" ind2=" " tag="700"><subfield code="a">Mancinelli, Fabrizio</subfield><subfield code="0">(IDREF)035491655</subfield></datafield><datafield ind1="1" ind2=" " tag="700"><subfield code="a">Mondzain, Marie-José</subfield><subfield code="d">1944-....</subfield><subfield code="0">(IDREF)026709856</subfield></datafield><datafield ind1="1" ind2=" " tag="700"><subfield code="a">Okamura, Takashi</subfield><subfield code="d">1927-....</subfield><subfield code="0">(IDREF)028110323</subfield></datafield><datafield ind1="1" ind2=" " tag="700"><subfield code="a">Férault, Dominique</subfield><subfield code="0">(IDREF)029488427</subfield></datafield><datafield ind1="1" ind2=" " tag="700"><subfield code="a">De Vecchi, Pierluigi</subfield><subfield code="0">(IDREF)026815168</subfield></datafield><datafield ind1="1" ind2=" " tag="700"><subfield code="a">Colalucci, Gianluigi</subfield><subfield code="d">1929-2021</subfield><subfield code="0">(IDREF)03550952X</subfield></datafield><datafield ind1=" " ind2=" " tag="900"><subfield code="a">REROnoselfmerge</subfield></datafield><datafield ind1=" " ind2=" " tag="993"><subfield code="a">BFLC 267</subfield><subfield code="x">ge/ulha/a/90/23</subfield><subfield code="9">LOCAL</subfield></datafield></record>
</metadata></record>