<record><header><identifier>oai:alma.41SLSP_UGE:991000005029705502</identifier><datestamp>2023-03-01T01:08:57Z</datestamp><setSpec>uge_bcen_RapidILL_BOOK</setSpec><setSpec>uge_aaca_RapidILL_BOOK</setSpec><setSpec>uge_abels_RapidILL_BOOK</setSpec><setSpec>uge_dbu_RapidILL_BOOK</setSpec><setSpec>uge_cmu_RapidILL_BOOK</setSpec><setSpec>uge_mail_RapidILL_BOOK</setSpec><setSpec>UNIGE_ALL</setSpec><setSpec>uge_abbat_RapidILL_BOOK</setSpec><setSpec>uge_aobs_RapidILL_BOOK</setSpec><setSpec>uge_acar_RapidILL_BOOK</setSpec></header><metadata>
<record xmlns="http://www.loc.gov/MARC21/slim" xmlns:xsi="http://www.w3.org/2001/XMLSchema-instance" xsi:schemaLocation="http://www.loc.gov/MARC21/slim http://www.loc.gov/standards/marcxml/schema/MARC21slim.xsd"><leader>01710nam a2200349 c 4500</leader><controlfield tag="001">991000005029705502</controlfield><controlfield tag="005">20230130185553.0</controlfield><controlfield tag="008">870820s1985    fr ||||| |||| 00| ||fre d</controlfield><datafield ind1=" " ind2=" " tag="020"><subfield code="a">2860010076</subfield></datafield><datafield ind1="7" ind2=" " tag="024"><subfield code="a">http://catalogue.bnf.fr/ark:/12148/cb36637877b</subfield><subfield code="2">uri</subfield></datafield><datafield ind1=" " ind2=" " tag="035"><subfield code="a">(swissbib)082010420-41slsp_network</subfield></datafield><datafield ind1=" " ind2=" " tag="035"><subfield code="a">082010420</subfield><subfield code="9">ExL</subfield></datafield><datafield ind1=" " ind2=" " tag="035"><subfield code="a">(RERO)0876851-41slsp</subfield></datafield><datafield ind1=" " ind2=" " tag="035"><subfield code="a">(EXLNZ-41SLSP_NETWORK)991136387819705501</subfield></datafield><datafield ind1=" " ind2=" " tag="040"><subfield code="a">RERO gecaeg</subfield><subfield code="d">CH-ZuSLS</subfield></datafield><datafield ind1=" " ind2="7" tag="072"><subfield code="a">ht</subfield><subfield code="2">rero</subfield></datafield><datafield ind1="0" ind2="0" tag="245"><subfield code="a">1939-1945</subfield><subfield code="b">des camps à la liberté : témoignages des déportés et prisonniers de l'Ain : ouvrage publié à l'occasion du quarantième anniversaire de la Libération des camps de prisonniers et de déportés, 1945-1985</subfield><subfield code="c">Archives départementales de l'Ain et Commission départementale de l'information historique pour la paix ; témoignages recueillis par Colette Defillon ; réunis et prés. par Paul Cattin</subfield></datafield><datafield ind1="1" ind2=" " tag="246"><subfield code="a">Des camps à la liberté</subfield></datafield><datafield ind1=" " ind2="1" tag="264"><subfield code="a">Bourg-en-Bresse</subfield><subfield code="b">[éditeur non identifié]</subfield><subfield code="c">1985</subfield></datafield><datafield ind1=" " ind2=" " tag="300"><subfield code="a">144 p.</subfield><subfield code="b">ill.</subfield><subfield code="c">30 cm</subfield></datafield><datafield ind1=" " ind2=" " tag="336"><subfield code="b">txt</subfield><subfield code="2">rdacontent</subfield></datafield><datafield ind1=" " ind2=" " tag="337"><subfield code="b">n</subfield><subfield code="2">rdamedia</subfield></datafield><datafield ind1=" " ind2=" " tag="338"><subfield code="b">nc</subfield><subfield code="2">rdacarrier</subfield></datafield><datafield ind1="1" ind2=" " tag="490"><subfield code="a">Les sources de l'histoire de l'Ain</subfield></datafield><datafield ind1=" " ind2="7" tag="650"><subfield code="a">Guerre mondiale (1939-1945)</subfield><subfield code="0">(IDREF)028047273</subfield><subfield code="2">idref</subfield></datafield><datafield ind1=" " ind2="7" tag="650"><subfield code="a">Camps de concentration</subfield><subfield code="0">(IDREF)027285286</subfield><subfield code="2">idref</subfield></datafield><datafield ind1=" " ind2="7" tag="655"><subfield code="a">[document]</subfield><subfield code="2">rerovoc</subfield><subfield code="0">(RERO)A010182398</subfield></datafield><datafield ind1="1" ind2=" " tag="700"><subfield code="a">Defillon, Colette</subfield><subfield code="0">(IDREF)133419754</subfield></datafield><datafield ind1="1" ind2=" " tag="700"><subfield code="a">Cattin, Paul</subfield><subfield code="d">1943-....</subfield><subfield code="0">(IDREF)026772531</subfield></datafield><datafield ind1="2" ind2=" " tag="710"><subfield code="a">Manche</subfield><subfield code="b">Archives départementales</subfield><subfield code="0">(IDREF)026544334</subfield></datafield><datafield ind1="2" ind2=" " tag="710"><subfield code="a">Commission départementale de l'information historique pour la paix (Ain)</subfield><subfield code="0">(RERO)A003122293</subfield></datafield><datafield ind1=" " ind2="0" tag="830"><subfield code="a">&lt;&lt;Les&gt;&gt; sources de l'histoire de l'Ain</subfield><subfield code="w">(RERO)0876652-41slsp</subfield></datafield><datafield ind1=" " ind2=" " tag="900"><subfield code="a">REROnoselfmerge</subfield></datafield></record>
</metadata></record>