<record><header><identifier>oai:alma.41SLSP_UGE:991000004299705502</identifier><datestamp>2024-06-16T00:13:04Z</datestamp><setSpec>uge_bcen_RapidILL_BOOK</setSpec><setSpec>uge_aaca_RapidILL_BOOK</setSpec><setSpec>uge_abels_RapidILL_BOOK</setSpec><setSpec>uge_dbu_RapidILL_BOOK</setSpec><setSpec>uge_cmu_RapidILL_BOOK</setSpec><setSpec>uge_mail_RapidILL_BOOK</setSpec><setSpec>UNIGE_ALL</setSpec><setSpec>uge_abbat_RapidILL_BOOK</setSpec><setSpec>uge_acar_RapidILL_BOOK</setSpec><setSpec>uge_aobs_RapidILL_BOOK</setSpec></header><metadata>
<record xmlns="http://www.loc.gov/MARC21/slim" xmlns:xsi="http://www.w3.org/2001/XMLSchema-instance" xsi:schemaLocation="http://www.loc.gov/MARC21/slim http://www.loc.gov/standards/marcxml/schema/MARC21slim.xsd"><leader>01354nam a2200313 c 4500</leader><controlfield tag="001">991000004299705502</controlfield><controlfield tag="005">20211109185825.0</controlfield><controlfield tag="008">960525s1967    sw ||||| |||| 00| ||grc d</controlfield><datafield ind1=" " ind2=" " tag="035"><subfield code="a">(swissbib)077007476-41slsp_network</subfield></datafield><datafield ind1=" " ind2=" " tag="035"><subfield code="a">077007476</subfield><subfield code="9">ExL</subfield></datafield><datafield ind1=" " ind2=" " tag="035"><subfield code="a">(RERO)0099851-41slsp</subfield></datafield><datafield ind1=" " ind2=" " tag="035"><subfield code="a">(EXLNZ-41SLSP_NETWORK)991027945329705501</subfield></datafield><datafield ind1=" " ind2=" " tag="040"><subfield code="a">RERO</subfield><subfield code="d">CH-ZuSLS</subfield></datafield><datafield ind1=" " ind2="7" tag="072"><subfield code="a">gr</subfield><subfield code="2">rero</subfield></datafield><datafield ind1="0" ind2=" " tag="100"><subfield code="6">880-01</subfield><subfield code="a">Galien, Claude</subfield><subfield code="c">philosophe et médecin</subfield><subfield code="d">0131?-0201?</subfield><subfield code="0">(IDREF)02776897X</subfield><subfield code="4">cre</subfield></datafield><datafield ind1="0" ind2=" " tag="880"><subfield code="6">100-01/(S</subfield><subfield code="a">Γαληνός</subfield></datafield><datafield ind1="1" ind2="0" tag="245"><subfield code="6">880-02</subfield><subfield code="a">Peri kryseōn</subfield><subfield code="c">Galēnos ; Ueberlieferung und Text von Bengt Alexanderson</subfield></datafield><datafield ind1="1" ind2="0" tag="880"><subfield code="6">245-02/(S</subfield><subfield code="a">Περὶ κρίσεων</subfield><subfield code="c">Γαληνός ; Ueberlieferung und Text von Bengt Alexanderson</subfield></datafield><datafield ind1="1" ind2=" " tag="246"><subfield code="a">Perì kríseōn / Galenos ; Ueberlieferung und Text von Bengt Alexanderson</subfield></datafield><datafield ind1=" " ind2="1" tag="264"><subfield code="a">Stockholm</subfield><subfield code="b">Almqvist and Wiksell</subfield><subfield code="c">1967</subfield></datafield><datafield ind1=" " ind2=" " tag="300"><subfield code="a">223 p.</subfield><subfield code="c">24 cm</subfield></datafield><datafield ind1=" " ind2=" " tag="336"><subfield code="b">txt</subfield><subfield code="2">rdacontent</subfield></datafield><datafield ind1=" " ind2=" " tag="337"><subfield code="b">n</subfield><subfield code="2">rdamedia</subfield></datafield><datafield ind1=" " ind2=" " tag="338"><subfield code="b">nc</subfield><subfield code="2">rdacarrier</subfield></datafield><datafield ind1="1" ind2=" " tag="490"><subfield code="a">Studia Graeca et Latina Gothoburgensia</subfield><subfield code="v">23</subfield></datafield><datafield ind1="1" ind2=" " tag="700"><subfield code="a">Alexanderson, Bengt</subfield><subfield code="d">1932-....</subfield><subfield code="0">(IDREF)030588774</subfield></datafield><datafield ind1="0" ind2="2" tag="700"><subfield code="a">Galenus</subfield><subfield code="t">De crisibus</subfield></datafield><datafield ind1="0" ind2=" " tag="700"><subfield code="a">Galenus</subfield></datafield><datafield ind1=" " ind2=" " tag="830"><subfield code="a">Studia Graeca et Latina Gothoburgensia</subfield><subfield code="v">23</subfield><subfield code="w">(RERO)0000527-41slsp</subfield></datafield><datafield ind1=" " ind2=" " tag="900"><subfield code="a">REROnoselfmerge</subfield></datafield></record>
</metadata></record>