<record><header><identifier>oai:alma.41SLSP_UGE:991000004629705502</identifier><datestamp>2023-03-01T01:08:57Z</datestamp><setSpec>uge_bcen_RapidILL_BOOK</setSpec><setSpec>uge_aaca_RapidILL_BOOK</setSpec><setSpec>uge_abels_RapidILL_BOOK</setSpec><setSpec>uge_dbu_RapidILL_BOOK</setSpec><setSpec>uge_cmu_RapidILL_BOOK</setSpec><setSpec>uge_mail_RapidILL_BOOK</setSpec><setSpec>UNIGE_ALL</setSpec><setSpec>uge_abbat_RapidILL_BOOK</setSpec><setSpec>uge_acar_RapidILL_BOOK</setSpec><setSpec>uge_aobs_RapidILL_BOOK</setSpec></header><metadata>
<record xmlns="http://www.loc.gov/MARC21/slim" xmlns:xsi="http://www.w3.org/2001/XMLSchema-instance" xsi:schemaLocation="http://www.loc.gov/MARC21/slim http://www.loc.gov/standards/marcxml/schema/MARC21slim.xsd"><leader>01474nam a2200361 c 4500</leader><controlfield tag="001">991000004629705502</controlfield><controlfield tag="005">20230216200550.0</controlfield><controlfield tag="008">960525s1981    fr ||||| |||| 10| ||fre d</controlfield><datafield ind1=" " ind2=" " tag="020"><subfield code="a">2130369758</subfield></datafield><datafield ind1="7" ind2=" " tag="024"><subfield code="a">http://catalogue.bnf.fr/ark:/12148/cb346614267</subfield><subfield code="2">uri</subfield></datafield><datafield ind1=" " ind2=" " tag="035"><subfield code="a">(swissbib)078788641-41slsp_network</subfield></datafield><datafield ind1=" " ind2=" " tag="035"><subfield code="a">078788641</subfield><subfield code="9">ExL</subfield></datafield><datafield ind1=" " ind2=" " tag="035"><subfield code="a">(RERO)0401895-41slsp</subfield></datafield><datafield ind1=" " ind2=" " tag="035"><subfield code="a">(EXLNZ-41SLSP_NETWORK)991158773349705501</subfield></datafield><datafield ind1=" " ind2=" " tag="040"><subfield code="a">RERO</subfield><subfield code="d">CH-ZuSLS</subfield></datafield><datafield ind1=" " ind2="7" tag="072"><subfield code="a">me</subfield><subfield code="2">rero</subfield></datafield><datafield ind1="1" ind2=" " tag="080"><subfield code="a">376.045</subfield></datafield><datafield ind1="0" ind2="0" tag="245"><subfield code="a">&lt;&lt;Les&gt;&gt; enfants handicapés</subfield><subfield code="b">Symposium de l'Association de psychologie scientifique de langue française (Barcelone, 1979)</subfield><subfield code="c">par A. Harrison-Covello, H. Herren... [et al.] ; avec la participation J. Alegria, G. Beugnette... [et al.]</subfield></datafield><datafield ind1=" " ind2="1" tag="264"><subfield code="a">Paris</subfield><subfield code="b">Presses universitaires de France</subfield><subfield code="c">1981</subfield></datafield><datafield ind1=" " ind2=" " tag="300"><subfield code="a">255 p.</subfield><subfield code="b">ill.</subfield><subfield code="c">22 cm</subfield></datafield><datafield ind1=" " ind2=" " tag="336"><subfield code="b">txt</subfield><subfield code="2">rdacontent</subfield></datafield><datafield ind1=" " ind2=" " tag="337"><subfield code="b">n</subfield><subfield code="2">rdamedia</subfield></datafield><datafield ind1=" " ind2=" " tag="338"><subfield code="b">nc</subfield><subfield code="2">rdacarrier</subfield></datafield><datafield ind1="1" ind2=" " tag="490"><subfield code="a">Psychologie d'aujourd'hui</subfield></datafield><datafield ind1=" " ind2=" " tag="500"><subfield code="a">Congrès de Médecine. Barcelona. 1979</subfield></datafield><datafield ind1=" " ind2="2" tag="650"><subfield code="a">Child Development Disorders</subfield></datafield><datafield ind1=" " ind2="2" tag="650"><subfield code="a">Handicapped</subfield><subfield code="x">psychology</subfield></datafield><datafield ind1=" " ind2="7" tag="650"><subfield code="a">Enfants handicapés</subfield><subfield code="0">(IDREF)027225305</subfield><subfield code="2">idref</subfield></datafield><datafield ind1=" " ind2="7" tag="655"><subfield code="a">Actes de congrès</subfield><subfield code="0">(IDREF)02886431X</subfield><subfield code="2">idref</subfield></datafield><datafield ind1="1" ind2=" " tag="700"><subfield code="a">Harrison-Covello, A</subfield><subfield code="0">(RERO)A003349838</subfield></datafield><datafield ind1="1" ind2=" " tag="700"><subfield code="a">Herren, Henry</subfield><subfield code="0">(RERO)A003366813</subfield></datafield><datafield ind1="2" ind2=" " tag="710"><subfield code="a">Association de psychologie scientifique de langue française</subfield><subfield code="b">Symposium</subfield><subfield code="n">18</subfield><subfield code="d">1979</subfield><subfield code="c">Barcelona</subfield><subfield code="0">(RERO)A012385051</subfield></datafield><datafield ind1=" " ind2="0" tag="830"><subfield code="a">Psychologie d'aujourd'hui</subfield></datafield><datafield ind1=" " ind2=" " tag="900"><subfield code="a">REROnoselfmerge</subfield></datafield></record>
</metadata></record>