<record><header><identifier>oai:alma.41SLSP_UGE:991000005149705502</identifier><datestamp>2024-03-15T01:24:53Z</datestamp><setSpec>uge_bcen_RapidILL_BOOK</setSpec><setSpec>uge_aaca_RapidILL_BOOK</setSpec><setSpec>uge_abels_RapidILL_BOOK</setSpec><setSpec>uge_dbu_RapidILL_BOOK</setSpec><setSpec>uge_cmu_RapidILL_BOOK</setSpec><setSpec>uge_mail_RapidILL_BOOK</setSpec><setSpec>uge_abbat_RapidILL_BOOK</setSpec><setSpec>UNIGE_ALL</setSpec><setSpec>uge_acar_RapidILL_BOOK</setSpec><setSpec>uge_aobs_RapidILL_BOOK</setSpec></header><metadata>
<record xmlns="http://www.loc.gov/MARC21/slim" xmlns:xsi="http://www.w3.org/2001/XMLSchema-instance" xsi:schemaLocation="http://www.loc.gov/MARC21/slim http://www.loc.gov/standards/marcxml/schema/MARC21slim.xsd"><leader>01082nam a2200289 c 4500</leader><controlfield tag="001">991000005149705502</controlfield><controlfield tag="005">20240314211631.0</controlfield><controlfield tag="008">201008s1835    fr ||||| |||| 00| ||fre d</controlfield><datafield ind1="7" ind2=" " tag="024"><subfield code="a">http://catalogue.bnf.fr/ark:/12148/cb30215885j</subfield><subfield code="2">uri</subfield></datafield><datafield ind1=" " ind2=" " tag="035"><subfield code="a">(swissbib)106081373-41slsp_network</subfield></datafield><datafield ind1=" " ind2=" " tag="035"><subfield code="a">106081373</subfield><subfield code="9">ExL</subfield></datafield><datafield ind1=" " ind2=" " tag="035"><subfield code="a">(RERO)R004596387-41slsp</subfield></datafield><datafield ind1=" " ind2=" " tag="035"><subfield code="a">(EXLNZ-41SLSP_NETWORK)991109569869705501</subfield></datafield><datafield ind1=" " ind2=" " tag="040"><subfield code="a">SZ-GeWHO</subfield><subfield code="d">CH-ZuSLS</subfield></datafield><datafield ind1=" " ind2="4" tag="060"><subfield code="a">WC 264</subfield></datafield><datafield ind1=" " ind2="7" tag="072"><subfield code="a">me</subfield><subfield code="2">rero</subfield></datafield><datafield ind1="1" ind2=" " tag="100"><subfield code="a">Fabre, Augustin</subfield><subfield code="c">médecin</subfield><subfield code="0">(RERO)A012422509</subfield><subfield code="4">cre</subfield></datafield><datafield ind1="1" ind2="0" tag="245"><subfield code="a">Histoire du choléra-morbus asiatique</subfield><subfield code="b">depuis son départ des bords du Gange en 1817 jusques à l'invasion du Midi de la France en 1835, accompagnée de tableaux statistiques</subfield><subfield code="c">par Augustin Fabre et Fortuné Chailan</subfield></datafield><datafield ind1=" " ind2="1" tag="264"><subfield code="a">Marseille</subfield><subfield code="b">M. Olive</subfield><subfield code="c">1835</subfield></datafield><datafield ind1=" " ind2=" " tag="300"><subfield code="a">473 p. (tables)</subfield></datafield><datafield ind1=" " ind2=" " tag="336"><subfield code="b">txt</subfield><subfield code="2">rdacontent</subfield></datafield><datafield ind1=" " ind2=" " tag="337"><subfield code="b">n</subfield><subfield code="2">rdamedia</subfield></datafield><datafield ind1=" " ind2=" " tag="338"><subfield code="b">nc</subfield><subfield code="2">rdacarrier</subfield></datafield><datafield ind1=" " ind2="2" tag="650"><subfield code="a">Cholera Morbus</subfield><subfield code="x">history</subfield></datafield><datafield ind1=" " ind2="2" tag="650"><subfield code="a">Disease Outbreaks</subfield><subfield code="x">history</subfield></datafield><datafield ind1=" " ind2="2" tag="650"><subfield code="a">Rare Books</subfield></datafield><datafield ind1="1" ind2=" " tag="700"><subfield code="a">Chailan, Fortuné</subfield><subfield code="d">1801-1840</subfield><subfield code="0">(IDREF)116537604</subfield></datafield><datafield ind1=" " ind2=" " tag="900"><subfield code="a">REROswissbibnomerge</subfield></datafield><datafield ind1=" " ind2=" " tag="990"><subfield code="a">donomshim</subfield><subfield code="9">LOCAL</subfield></datafield></record>
</metadata></record>