<record><header><identifier>oai:alma.41SLSP_UGE:991000004939705502</identifier><datestamp>2023-12-22T01:20:27Z</datestamp><setSpec>uge_bcen_RapidILL_BOOK</setSpec><setSpec>uge_aaca_RapidILL_BOOK</setSpec><setSpec>uge_abels_RapidILL_BOOK</setSpec><setSpec>uge_dbu_RapidILL_BOOK</setSpec><setSpec>uge_cmu_RapidILL_BOOK</setSpec><setSpec>uge_mail_RapidILL_BOOK</setSpec><setSpec>uge_abbat_RapidILL_BOOK</setSpec><setSpec>UNIGE_ALL</setSpec><setSpec>uge_aobs_RapidILL_BOOK</setSpec><setSpec>uge_acar_RapidILL_BOOK</setSpec></header><metadata>
<record xmlns="http://www.loc.gov/MARC21/slim" xmlns:xsi="http://www.w3.org/2001/XMLSchema-instance" xsi:schemaLocation="http://www.loc.gov/MARC21/slim http://www.loc.gov/standards/marcxml/schema/MARC21slim.xsd"><leader>02628nam a2200601 ca4500</leader><controlfield tag="001">991000004939705502</controlfield><controlfield tag="005">20231221143324.0</controlfield><controlfield tag="008">201011m20122013sz       |||| 00| | fre|d</controlfield><datafield ind1=" " ind2=" " tag="019"><subfield code="a">Notices analytiques</subfield><subfield code="5">RERO/frbcuc/05.2019</subfield></datafield><datafield ind1=" " ind2=" " tag="020"><subfield code="a">9782830914405</subfield><subfield code="q">t. 1, br.</subfield><subfield code="c">CHF 36.-</subfield></datafield><datafield ind1=" " ind2=" " tag="020"><subfield code="a">9782830914955</subfield><subfield code="q">t. 2, br.</subfield><subfield code="c">CHF 38.-</subfield></datafield><datafield ind1="7" ind2=" " tag="024"><subfield code="a">http://catalogue.bnf.fr/ark:/12148/cb42654675b</subfield><subfield code="2">uri</subfield></datafield><datafield ind1=" " ind2=" " tag="035"><subfield code="a">(swissbib)225513374-41slsp_network</subfield></datafield><datafield ind1=" " ind2=" " tag="035"><subfield code="a">225513374</subfield><subfield code="9">ExL</subfield></datafield><datafield ind1=" " ind2=" " tag="035"><subfield code="a">(IDSBB)007081983DSV01</subfield></datafield><datafield ind1=" " ind2=" " tag="035"><subfield code="a">(RERO)R007033518-41slsp</subfield></datafield><datafield ind1=" " ind2=" " tag="035"><subfield code="a">(IDSLU)001106876ILU01</subfield></datafield><datafield ind1=" " ind2=" " tag="035"><subfield code="a">(Sz)vtls001677001</subfield></datafield><datafield ind1=" " ind2=" " tag="035"><subfield code="a">(EXLNZ-41SLSP_NETWORK)991066722019705501</subfield></datafield><datafield ind1=" " ind2=" " tag="040"><subfield code="a">Sz</subfield><subfield code="b">ger</subfield><subfield code="e">rda</subfield><subfield code="d">CH-ZuSLS</subfield></datafield><datafield ind1=" " ind2=" " tag="044"><subfield code="a">sz</subfield><subfield code="c">ch-ge</subfield></datafield><datafield ind1=" " ind2="7" tag="072"><subfield code="a">ht</subfield><subfield code="2">rero</subfield></datafield><datafield ind1=" " ind2="7" tag="072"><subfield code="a">630</subfield><subfield code="2">IDS LU</subfield></datafield><datafield ind1="1" ind2="4" tag="082"><subfield code="a">940</subfield><subfield code="2">15</subfield></datafield><datafield ind1="1" ind2="4" tag="082"><subfield code="a">296</subfield><subfield code="2">15</subfield></datafield><datafield ind1=" " ind2=" " tag="084"><subfield code="a">NQ 2360</subfield><subfield code="2">rvk</subfield></datafield><datafield ind1=" " ind2=" " tag="084"><subfield code="a">BD 7100</subfield><subfield code="2">rvk</subfield></datafield><datafield ind1="1" ind2=" " tag="100"><subfield code="6">880-01</subfield><subfield code="a">Charguéraud, Marc-André</subfield><subfield code="d">1924-</subfield><subfield code="0">(DE-588)119552728</subfield><subfield code="e">Verfasser</subfield><subfield code="4">aut</subfield></datafield><datafield ind1="1" ind2=" " tag="880"><subfield code="6">100-01</subfield><subfield code="a">Charguéraud, Marc-André</subfield><subfield code="d">1924-....</subfield><subfield code="0">(IDREF)035683651</subfield><subfield code="4">cre</subfield></datafield><datafield ind1="1" ind2="0" tag="245"><subfield code="a">Cinquante idées reçues sur la Shoah</subfield><subfield code="c">Marc-André Charguéraud</subfield></datafield><datafield ind1=" " ind2="1" tag="264"><subfield code="a">Genève</subfield><subfield code="b">Editions Labor et Fides</subfield><subfield code="c">2012-2013</subfield></datafield><datafield ind1=" " ind2=" " tag="300"><subfield code="a">2 Bände</subfield><subfield code="c">23 cm</subfield></datafield><datafield ind1=" " ind2=" " tag="336"><subfield code="b">txt</subfield><subfield code="2">rdacontent</subfield></datafield><datafield ind1=" " ind2=" " tag="337"><subfield code="b">n</subfield><subfield code="2">rdamedia</subfield></datafield><datafield ind1=" " ind2=" " tag="338"><subfield code="b">nc</subfield><subfield code="2">rdacarrier</subfield></datafield><datafield ind1="0" ind2="0" tag="505"><subfield code="g">T. 1</subfield><subfield code="t">De &quot;Accueil&quot; à &quot;Joint&quot;</subfield></datafield><datafield ind1="0" ind2="0" tag="505"><subfield code="g">T. 2</subfield><subfield code="t">De &quot;J&quot; à &quot;Xénophobie&quot;</subfield></datafield><datafield ind1="8" ind2=" " tag="520"><subfield code="a">Depuis plus de dix ans, Marc-André Charguéraud documente un dossier historique sur la Shoah à partir de la lecture exhaustive de plus de mille travaux d'historiens, notamment publiés dans le monde anglo-saxon. Sa connaissance pointue du génocide juif lui permet de revenir sur nombre d'idées toutes faites dans l'opinion, notamment celle qui considère que l'antisémitisme au XXe siècle n'était le fait que des nazis et de leurs alliés. (4e de couv.)</subfield><subfield code="5">RERO/njhep-/01.2014</subfield></datafield><datafield ind1=" " ind2="7" tag="648"><subfield code="a">Geschichte</subfield><subfield code="2">gnd</subfield></datafield><datafield ind1=" " ind2="7" tag="650"><subfield code="a">Shoah</subfield><subfield code="x">Dictionnaires</subfield><subfield code="2">ram</subfield></datafield><datafield ind1=" " ind2="7" tag="650"><subfield code="a">Shoah</subfield><subfield code="0">(IDREF)027355950</subfield><subfield code="2">idref</subfield></datafield><datafield ind1=" " ind2="7" tag="650"><subfield code="a">Guerre mondiale (1939-1945)</subfield><subfield code="0">(IDREF)028047273</subfield><subfield code="2">idref</subfield></datafield><datafield ind1=" " ind2="7" tag="650"><subfield code="a">Génocide</subfield><subfield code="0">(IDREF)027678539</subfield><subfield code="2">idref</subfield></datafield><datafield ind1=" " ind2="7" tag="650"><subfield code="a">1933-1945</subfield><subfield code="2">rero</subfield></datafield><datafield ind1=" " ind2="7" tag="650"><subfield code="a">Juifs</subfield><subfield code="0">(IDREF)02723570X</subfield><subfield code="2">idref</subfield></datafield><datafield ind1=" " ind2="7" tag="650"><subfield code="a">Judenverfolgung</subfield><subfield code="0">(DE-588)4028814-6</subfield><subfield code="2">gnd</subfield></datafield><datafield ind1=" " ind2="7" tag="650"><subfield code="a">Judenvernichtung</subfield><subfield code="0">(DE-588)4073091-8</subfield><subfield code="2">gnd</subfield></datafield><datafield ind1=" " ind2="7" tag="651"><subfield code="a">Europe</subfield><subfield code="0">(IDREF)027224651</subfield><subfield code="2">idref</subfield></datafield><datafield ind1=" " ind2="7" tag="655"><subfield code="a">[Ouvrages généraux]</subfield><subfield code="0">(RERO)A022248336</subfield><subfield code="2">rero</subfield></datafield><datafield ind1=" " ind2="7" tag="655"><subfield code="a">Aufsatzsammlung</subfield><subfield code="2">gnd-content</subfield></datafield><datafield ind1="4" ind2=" " tag="856"><subfield code="3">Inhaltsverzeichnis</subfield><subfield code="u">http://d-nb.info/1028085451/04</subfield><subfield code="q">pdf</subfield></datafield><datafield ind1=" " ind2=" " tag="900"><subfield code="a">IDSDSStoppsignal FRED</subfield></datafield><datafield ind1=" " ind2=" " tag="900"><subfield code="a">REROnoselfmerge</subfield></datafield><datafield ind1=" " ind2=" " tag="949"><subfield code="a">http://d-nb.info/1028085451/04</subfield></datafield></record>
</metadata></record>