<record><header><identifier>oai:alma.41SLSP_UGE:991000004209705502</identifier><datestamp>2023-03-01T01:08:57Z</datestamp><setSpec>uge_bcen_RapidILL_BOOK</setSpec><setSpec>uge_aaca_RapidILL_BOOK</setSpec><setSpec>uge_abels_RapidILL_BOOK</setSpec><setSpec>uge_dbu_RapidILL_BOOK</setSpec><setSpec>uge_cmu_RapidILL_BOOK</setSpec><setSpec>uge_mail_RapidILL_BOOK</setSpec><setSpec>UNIGE_ALL</setSpec><setSpec>uge_abbat_RapidILL_BOOK</setSpec><setSpec>uge_aobs_RapidILL_BOOK</setSpec><setSpec>uge_acar_RapidILL_BOOK</setSpec></header><metadata>
<record xmlns="http://www.loc.gov/MARC21/slim" xmlns:xsi="http://www.w3.org/2001/XMLSchema-instance" xsi:schemaLocation="http://www.loc.gov/MARC21/slim http://www.loc.gov/standards/marcxml/schema/MARC21slim.xsd"><leader>00936nam a2200301 c 4500</leader><controlfield tag="001">991000004209705502</controlfield><controlfield tag="005">20201227133542.0</controlfield><controlfield tag="008">020828s2002    xxk||||| |||| 00| ||eng d</controlfield><datafield ind1=" " ind2=" " tag="020"><subfield code="a">1901865282</subfield></datafield><datafield ind1=" " ind2=" " tag="035"><subfield code="a">(swissbib)09811817X-41slsp_network</subfield></datafield><datafield ind1=" " ind2=" " tag="035"><subfield code="a">09811817X</subfield><subfield code="9">ExL</subfield></datafield><datafield ind1=" " ind2=" " tag="035"><subfield code="a">(RERO)R003234345-41slsp</subfield></datafield><datafield ind1=" " ind2=" " tag="035"><subfield code="a">(EXLNZ-41SLSP_NETWORK)991043891649705501</subfield></datafield><datafield ind1=" " ind2=" " tag="040"><subfield code="a">RERO geucmu</subfield><subfield code="d">CH-ZuSLS</subfield></datafield><datafield ind1=" " ind2="7" tag="072"><subfield code="a">me</subfield><subfield code="2">rero</subfield></datafield><datafield ind1="0" ind2="0" tag="245"><subfield code="a">Management of the HIV-infected patient</subfield><subfield code="c">ed. by Suzanne Crowe, Jennifer Hoy, John Mills</subfield></datafield><datafield ind1=" " ind2=" " tag="250"><subfield code="a">2nd ed</subfield></datafield><datafield ind1=" " ind2="1" tag="264"><subfield code="a">London</subfield><subfield code="b">M. Dunitz</subfield><subfield code="c">[2002]</subfield></datafield><datafield ind1=" " ind2="4" tag="264"><subfield code="c">© 2002</subfield></datafield><datafield ind1=" " ind2=" " tag="300"><subfield code="a">XI, 630 p.</subfield><subfield code="b">ill.</subfield><subfield code="c">28 cm</subfield></datafield><datafield ind1=" " ind2=" " tag="336"><subfield code="b">txt</subfield><subfield code="2">rdacontent</subfield></datafield><datafield ind1=" " ind2=" " tag="337"><subfield code="b">n</subfield><subfield code="2">rdamedia</subfield></datafield><datafield ind1=" " ind2=" " tag="338"><subfield code="b">nc</subfield><subfield code="2">rdacarrier</subfield></datafield><datafield ind1=" " ind2="2" tag="650"><subfield code="a">HIV Infections</subfield><subfield code="x">complications</subfield></datafield><datafield ind1=" " ind2="2" tag="650"><subfield code="a">HIV Infections</subfield><subfield code="x">therapy</subfield></datafield><datafield ind1="1" ind2=" " tag="700"><subfield code="a">Crowe, Suzanne</subfield><subfield code="0">(IDREF)060329378</subfield></datafield><datafield ind1="1" ind2=" " tag="700"><subfield code="a">Hoy, Jennifer</subfield><subfield code="0">(RERO)A008919259</subfield></datafield><datafield ind1="1" ind2=" " tag="700"><subfield code="a">Mills, John</subfield><subfield code="0">(RERO)A003596301</subfield></datafield><datafield ind1=" " ind2=" " tag="900"><subfield code="a">REROnoselfmerge</subfield></datafield></record>
</metadata></record>