<record><header><identifier>oai:alma.41SLSP_UGE:991000004519705502</identifier><datestamp>2023-03-01T01:08:57Z</datestamp><setSpec>uge_bcen_RapidILL_BOOK</setSpec><setSpec>uge_aaca_RapidILL_BOOK</setSpec><setSpec>uge_abels_RapidILL_BOOK</setSpec><setSpec>uge_dbu_RapidILL_BOOK</setSpec><setSpec>uge_cmu_RapidILL_BOOK</setSpec><setSpec>uge_mail_RapidILL_BOOK</setSpec><setSpec>UNIGE_ALL</setSpec><setSpec>uge_abbat_RapidILL_BOOK</setSpec><setSpec>uge_aobs_RapidILL_BOOK</setSpec><setSpec>uge_acar_RapidILL_BOOK</setSpec></header><metadata>
<record xmlns="http://www.loc.gov/MARC21/slim" xmlns:xsi="http://www.w3.org/2001/XMLSchema-instance" xsi:schemaLocation="http://www.loc.gov/MARC21/slim http://www.loc.gov/standards/marcxml/schema/MARC21slim.xsd"><leader>03643nam a2200769 c 4500</leader><controlfield tag="001">991000004519705502</controlfield><controlfield tag="005">20230204195507.0</controlfield><controlfield tag="008">201012s2006    xxu           00| | eng| </controlfield><datafield ind1=" " ind2=" " tag="015"><subfield code="a">GBA511655</subfield><subfield code="2">bnb</subfield></datafield><datafield ind1=" " ind2=" " tag="020"><subfield code="a">9781405111171</subfield></datafield><datafield ind1=" " ind2=" " tag="020"><subfield code="a">1405111178</subfield><subfield code="c">£32.50</subfield></datafield><datafield ind1=" " ind2=" " tag="035"><subfield code="a">(swissbib)238311961-41slsp_network</subfield></datafield><datafield ind1=" " ind2=" " tag="035"><subfield code="a">238311961</subfield><subfield code="9">ExL</subfield></datafield><datafield ind1=" " ind2=" " tag="035"><subfield code="a">(IDSLU)001409826ILU01</subfield></datafield><datafield ind1=" " ind2=" " tag="035"><subfield code="a">(IDSBB)003591662DSV01</subfield></datafield><datafield ind1=" " ind2=" " tag="035"><subfield code="a">(NEBIS)004884405EBI01</subfield></datafield><datafield ind1=" " ind2=" " tag="035"><subfield code="a">(RERO)R003903091-41slsp</subfield></datafield><datafield ind1=" " ind2=" " tag="035"><subfield code="a">(EXLNZ-41SLSP_NETWORK)991013156749705501</subfield></datafield><datafield ind1=" " ind2=" " tag="040"><subfield code="a">StDuBDS</subfield><subfield code="b">ger</subfield><subfield code="e">rda</subfield><subfield code="d">CH-ZuSLS</subfield></datafield><datafield ind1=" " ind2="7" tag="072"><subfield code="a">bi</subfield><subfield code="2">SzZuIDS BS/BE</subfield></datafield><datafield ind1=" " ind2="7" tag="072"><subfield code="a">bi</subfield><subfield code="2">rero</subfield></datafield><datafield ind1="0" ind2="4" tag="082"><subfield code="a">577</subfield><subfield code="2">22</subfield></datafield><datafield ind1="0" ind2="4" tag="082"><subfield code="a">574.5</subfield><subfield code="b">B235</subfield><subfield code="b">2006</subfield><subfield code="2">20</subfield></datafield><datafield ind1="1" ind2="4" tag="082"><subfield code="a">574.5</subfield><subfield code="2">20</subfield></datafield><datafield ind1="1" ind2="4" tag="082"><subfield code="a">570</subfield><subfield code="2">15</subfield></datafield><datafield ind1=" " ind2=" " tag="084"><subfield code="a">WI 1086</subfield><subfield code="2">rvk</subfield></datafield><datafield ind1="1" ind2=" " tag="100"><subfield code="a">Begon, Michael</subfield><subfield code="d">1951-</subfield><subfield code="0">(DE-588)1043008187</subfield><subfield code="e">Verfasser</subfield><subfield code="4">aut</subfield><subfield code="6">880-01</subfield></datafield><datafield ind1="1" ind2=" " tag="880"><subfield code="a">Begon, Michael</subfield><subfield code="0">(RERO)A002984890</subfield><subfield code="4">cre</subfield><subfield code="6">100-01</subfield></datafield><datafield ind1="1" ind2="0" tag="245"><subfield code="a">Ecology</subfield><subfield code="b">from individuals to ecosystems</subfield><subfield code="c">Michael Begon (School of Biological Sciences, The University of Liverpool, Liverpool, UK), Colin R. Townsend (Department of Zoology, University of Otago, Dunedin, New Zealand), John L. Harper (Chapel Road, Brampford Speke, Exeter, UK)</subfield></datafield><datafield ind1=" " ind2=" " tag="250"><subfield code="a">Fourth edition</subfield></datafield><datafield ind1=" " ind2="1" tag="264"><subfield code="a">Malden, MA</subfield><subfield code="b">Blackwell Publishing</subfield><subfield code="c">2006</subfield></datafield><datafield ind1=" " ind2=" " tag="300"><subfield code="a">XII, 738 p.</subfield><subfield code="b">ill.</subfield><subfield code="c">27 cm</subfield></datafield><datafield ind1=" " ind2=" " tag="336"><subfield code="b">txt</subfield><subfield code="2">rdacontent</subfield></datafield><datafield ind1=" " ind2=" " tag="337"><subfield code="b">n</subfield><subfield code="2">rdamedia</subfield></datafield><datafield ind1=" " ind2=" " tag="338"><subfield code="b">nc</subfield><subfield code="2">rdacarrier</subfield></datafield><datafield ind1=" " ind2=" " tag="500"><subfield code="a">Previous ed.: 1996</subfield></datafield><datafield ind1=" " ind2=" " tag="504"><subfield code="a">Bibliogr.: p. [659]-700. Index</subfield></datafield><datafield ind1=" " ind2="7" tag="650"><subfield code="a">Anpassung</subfield><subfield code="0">(DE-588)4128128-7</subfield><subfield code="2">gnd</subfield></datafield><datafield ind1=" " ind2="7" tag="650"><subfield code="a">Populationsdynamik</subfield><subfield code="0">(DE-588)4046803-3</subfield><subfield code="2">gnd</subfield></datafield><datafield ind1=" " ind2="7" tag="650"><subfield code="a">Soziobiologie</subfield><subfield code="0">(DE-588)4069490-2</subfield><subfield code="2">gnd</subfield></datafield><datafield ind1=" " ind2="2" tag="650"><subfield code="a">Ecology</subfield><subfield code="0">(DNLM)D004463</subfield></datafield><datafield ind1=" " ind2="7" tag="650"><subfield code="a">Ökologie</subfield><subfield code="v">0 Gesamtdarstellung</subfield><subfield code="2">idsbb</subfield></datafield><datafield ind1=" " ind2="7" tag="650"><subfield code="a">Ökologie</subfield><subfield code="0">(DE-588)4043207-5</subfield><subfield code="2">gnd</subfield></datafield><datafield ind1=" " ind2="7" tag="650"><subfield code="a">Ökologie</subfield><subfield code="2">idszbz</subfield></datafield><datafield ind1=" " ind2="0" tag="650"><subfield code="a">Ecology</subfield></datafield><datafield ind1=" " ind2="7" tag="650"><subfield code="a">LEHRBÜCHER (DOKUMENTENTYP)</subfield><subfield code="9">ger</subfield><subfield code="0">(ETHUDK)000000099</subfield><subfield code="2">ethudk</subfield></datafield><datafield ind1=" " ind2="7" tag="650"><subfield code="a">ORGANISMUS UND UMWELT (ÖKOLOGIE)</subfield><subfield code="9">ger</subfield><subfield code="0">(ETHUDK)000021426</subfield><subfield code="2">ethudk</subfield></datafield><datafield ind1=" " ind2="7" tag="650"><subfield code="a">POPULATIONSBIOLOGIE + POPULATIONSÖKOLOGIE (ÖKOLOGIE)</subfield><subfield code="9">ger</subfield><subfield code="0">(ETHUDK)000021429</subfield><subfield code="2">ethudk</subfield></datafield><datafield ind1=" " ind2="7" tag="650"><subfield code="a">SYNÖKOLOGIE + BIOZÖNOLOGIE + ÖKOSYSTEME (ÖKOLOGIE)</subfield><subfield code="9">ger</subfield><subfield code="0">(ETHUDK)000021424</subfield><subfield code="2">ethudk</subfield></datafield><datafield ind1=" " ind2="7" tag="650"><subfield code="a">SYSTEMÖKOLOGIE, ÖKOSYSTEMANALYSE, ÖKOSYSTEMFORSCHUNG (ÖKOLOGIE)</subfield><subfield code="9">ger</subfield><subfield code="0">(ETHUDK)000043183</subfield><subfield code="2">ethudk</subfield></datafield><datafield ind1=" " ind2="7" tag="650"><subfield code="a">ÖKOLOGISCHE WECHSELWIRKUNGEN UND BEZIEHUNGEN (ÖKOLOGIE)</subfield><subfield code="9">ger</subfield><subfield code="0">(ETHUDK)000048462</subfield><subfield code="2">ethudk</subfield></datafield><datafield ind1=" " ind2="7" tag="650"><subfield code="a">Écologie</subfield><subfield code="0">(IDREF)027232700</subfield><subfield code="2">idref</subfield></datafield><datafield ind1=" " ind2="7" tag="655"><subfield code="a">Lehrbuch</subfield><subfield code="2">gnd-content</subfield></datafield><datafield ind1=" " ind2="7" tag="655"><subfield code="a">Lehrbuch</subfield><subfield code="2">idszbz</subfield></datafield><datafield ind1=" " ind2="0" tag="655"><subfield code="a">Lehrbuch - Ökologie</subfield></datafield><datafield ind1=" " ind2=" " tag="690"><subfield code="a">584</subfield><subfield code="d">Geobotanik. Pflanzengeographie. Pflanzenökologie</subfield><subfield code="2">uzb-UE</subfield></datafield><datafield ind1=" " ind2=" " tag="690"><subfield code="a">574</subfield><subfield code="d">Ökologie</subfield><subfield code="2">uzb-UK</subfield></datafield><datafield ind1="1" ind2=" " tag="700"><subfield code="a">Harper, John Lanberton</subfield><subfield code="d">1925-</subfield><subfield code="0">(DE-588)1089106513</subfield></datafield><datafield ind1="1" ind2=" " tag="700"><subfield code="a">Harper, John L.</subfield><subfield code="d">1925-2009</subfield><subfield code="0">(DE-588)112304362</subfield><subfield code="e">Verfasser</subfield><subfield code="4">aut</subfield><subfield code="6">880-02</subfield></datafield><datafield ind1="1" ind2=" " tag="880"><subfield code="a">Harper, John L</subfield><subfield code="0">(RERO)A003348850</subfield><subfield code="6">700-02</subfield></datafield><datafield ind1="1" ind2=" " tag="700"><subfield code="a">Townsend, Colin R.</subfield><subfield code="d">1949-</subfield><subfield code="0">(DE-588)1055083340</subfield><subfield code="e">Verfasser</subfield><subfield code="4">aut</subfield><subfield code="6">880-03</subfield></datafield><datafield ind1="1" ind2=" " tag="880"><subfield code="6">700-03</subfield><subfield code="a">Townsend, Colin R.</subfield><subfield code="0">(IDREF)085949523</subfield></datafield><datafield ind1="4" ind2=" " tag="856"><subfield code="3">Inhaltsverzeichnis</subfield><subfield code="u">http://www.ub.unibas.ch/tox/HBZ/HT014307254/PDF</subfield><subfield code="q">pdf</subfield></datafield><datafield ind1="4" ind2=" " tag="856"><subfield code="3">Abstract / Autoreninformation</subfield><subfield code="u">https://toc.library.ethz.ch/objects/pdf/000126824_e01_1405111178_02.pdf</subfield><subfield code="q">pdf</subfield></datafield><datafield ind1=" " ind2=" " tag="900"><subfield code="a">IDSZ2zbzmon200509l</subfield><subfield code="c">IDSZ2proc</subfield><subfield code="d">IDSZ2zbzswk200511b</subfield><subfield code="e">IDSZ2wart</subfield></datafield><datafield ind1=" " ind2=" " tag="900"><subfield code="a">REROnoselfmerge</subfield></datafield><datafield ind1=" " ind2=" " tag="949"><subfield code="a">https://toc.library.ethz.ch/objects/pdf/000126824_e01_1405111178_02.pdf</subfield></datafield><datafield ind1=" " ind2=" " tag="949"><subfield code="a">http://www.ub.unibas.ch/tox/HBZ/HT014307254/PDF</subfield></datafield></record>
</metadata></record>