<record><header><identifier>oai:alma.41SLSP_UGE:991000005039705502</identifier><datestamp>2023-03-01T01:08:57Z</datestamp><setSpec>uge_bcen_RapidILL_BOOK</setSpec><setSpec>uge_aaca_RapidILL_BOOK</setSpec><setSpec>uge_abels_RapidILL_BOOK</setSpec><setSpec>uge_dbu_RapidILL_BOOK</setSpec><setSpec>uge_cmu_RapidILL_BOOK</setSpec><setSpec>uge_mail_RapidILL_BOOK</setSpec><setSpec>UNIGE_ALL</setSpec><setSpec>uge_abbat_RapidILL_BOOK</setSpec><setSpec>uge_aobs_RapidILL_BOOK</setSpec><setSpec>uge_acar_RapidILL_BOOK</setSpec></header><metadata>
<record xmlns="http://www.loc.gov/MARC21/slim" xmlns:xsi="http://www.w3.org/2001/XMLSchema-instance" xsi:schemaLocation="http://www.loc.gov/MARC21/slim http://www.loc.gov/standards/marcxml/schema/MARC21slim.xsd"><leader>01998nam a2200301 c 4500</leader><controlfield tag="001">991000005039705502</controlfield><controlfield tag="005">20201126055053.0</controlfield><controlfield tag="008">090312s2008    sz ||||| m||| 00| ||fre d</controlfield><datafield ind1=" " ind2=" " tag="019"><subfield code="a">Catalogage décrit l'exemplaire de thèse</subfield><subfield code="5">RERO/geudbu/03.2009</subfield></datafield><datafield ind1=" " ind2=" " tag="035"><subfield code="a">(swissbib)107813777-41slsp_network</subfield></datafield><datafield ind1=" " ind2=" " tag="035"><subfield code="a">107813777</subfield><subfield code="9">ExL</subfield></datafield><datafield ind1=" " ind2=" " tag="035"><subfield code="a">(RERO)R005015709-41slsp</subfield></datafield><datafield ind1=" " ind2=" " tag="035"><subfield code="a">(EXLNZ-41SLSP_NETWORK)991137239059705501</subfield></datafield><datafield ind1=" " ind2=" " tag="040"><subfield code="a">RERO geucui</subfield><subfield code="d">CH-ZuSLS</subfield></datafield><datafield ind1=" " ind2=" " tag="044"><subfield code="a">sz</subfield><subfield code="c">ch-ge</subfield></datafield><datafield ind1=" " ind2="7" tag="072"><subfield code="a">in</subfield><subfield code="2">rero</subfield></datafield><datafield ind1="1" ind2=" " tag="100"><subfield code="a">Weiss, Michael</subfield><subfield code="c">informaticien</subfield><subfield code="0">(RERO)A016350968</subfield><subfield code="4">cre</subfield></datafield><datafield ind1="1" ind2="0" tag="245"><subfield code="a">Calculabilité des pavages</subfield><subfield code="c">par Michaël Weiss</subfield></datafield><datafield ind1=" " ind2="1" tag="264"><subfield code="a">Genève</subfield><subfield code="b">[éditeur non identifié]</subfield><subfield code="c">2008</subfield></datafield><datafield ind1=" " ind2="3" tag="264"><subfield code="a">Genève</subfield><subfield code="b">Atelier d'impression ReproMail</subfield></datafield><datafield ind1=" " ind2=" " tag="300"><subfield code="a">154 p.</subfield><subfield code="b">ill.</subfield></datafield><datafield ind1=" " ind2=" " tag="336"><subfield code="b">txt</subfield><subfield code="2">rdacontent</subfield></datafield><datafield ind1=" " ind2=" " tag="337"><subfield code="b">n</subfield><subfield code="2">rdamedia</subfield></datafield><datafield ind1=" " ind2=" " tag="338"><subfield code="b">nc</subfield><subfield code="2">rdacarrier</subfield></datafield><datafield ind1=" " ind2=" " tag="502"><subfield code="a">Th. Univ. Genève, 2008 ; Sc. 4021</subfield></datafield><datafield ind1=" " ind2=" " tag="504"><subfield code="a">Bibliogr.: p. 147-154</subfield></datafield><datafield ind1=" " ind2=" " tag="508"><subfield code="a">Directeur de thèse: Professeur José Rolim ; codirecteur: Docteur Grégory Lafitte (Université de Provence)</subfield></datafield><datafield ind1="8" ind2=" " tag="520"><subfield code="a">Au début des années 60, Wang a introduit un modèle de pavage du plan à l'aide de tuiles orientées de taille unitaire aux bords colorés pour résoudre des problèmes de logique. Ce modèle a été montré Turing-équivalent par Berger. Nous nous intéressons à la calculabilité de ce modèle en introduisant des outils sur les pavages permettant d'obtenir des résultats plus généraux sur les jeux de tuiles. A l'aide de notions de simulation, nous obtenons une première approche de l'universalité puis nous montrons quelques uns des théorèmes fondamentaux de la calculabilité (Kleene, Rice...), dans le cadre de pavages, toujours relativement à certaines notions de simulation. Ces résultats nous permettront d'obtenir, dans un premier temps, de nouvelles preuves sur des théorèmes classiques des pavages et, dans un deuxième temps, de construire un cadre de constuction de jeux de tuiles apériodiques</subfield><subfield code="5">RERO/geudbu/03.2009</subfield></datafield><datafield ind1=" " ind2=" " tag="900"><subfield code="a">REROnoselfmerge</subfield></datafield></record>
</metadata></record>