<record><header><identifier>oai:alma.41SLSP_UGE:991000004539705502</identifier><datestamp>2024-04-14T00:13:03Z</datestamp><setSpec>uge_bcen_RapidILL_BOOK</setSpec><setSpec>uge_aaca_RapidILL_BOOK</setSpec><setSpec>uge_abels_RapidILL_BOOK</setSpec><setSpec>uge_dbu_RapidILL_BOOK</setSpec><setSpec>uge_cmu_RapidILL_BOOK</setSpec><setSpec>uge_mail_RapidILL_BOOK</setSpec><setSpec>uge_abbat_RapidILL_BOOK</setSpec><setSpec>UNIGE_ALL</setSpec><setSpec>uge_aobs_RapidILL_BOOK</setSpec><setSpec>uge_acar_RapidILL_BOOK</setSpec></header><metadata>
<record xmlns="http://www.loc.gov/MARC21/slim" xmlns:xsi="http://www.w3.org/2001/XMLSchema-instance" xsi:schemaLocation="http://www.loc.gov/MARC21/slim http://www.loc.gov/standards/marcxml/schema/MARC21slim.xsd"><leader>01052nam a2200253 c 4500</leader><controlfield tag="001">991000004539705502</controlfield><controlfield tag="005">20210206210017.0</controlfield><controlfield tag="008">900614s1958    xxu||||| |||| 00| ||akk d</controlfield><datafield ind1=" " ind2=" " tag="035"><subfield code="a">(swissbib)084754699-41slsp_network</subfield></datafield><datafield ind1=" " ind2=" " tag="035"><subfield code="a">084754699</subfield><subfield code="9">ExL</subfield></datafield><datafield ind1=" " ind2=" " tag="035"><subfield code="a">(RERO)1254892-41slsp</subfield></datafield><datafield ind1=" " ind2=" " tag="035"><subfield code="a">(EXLNZ-41SLSP_NETWORK)991052218639705501</subfield></datafield><datafield ind1=" " ind2=" " tag="040"><subfield code="a">RERO gevbpu</subfield><subfield code="d">CH-ZuSLS</subfield></datafield><datafield ind1=" " ind2="7" tag="072"><subfield code="a">or</subfield><subfield code="2">rero</subfield></datafield><datafield ind1="1" ind2=" " tag="100"><subfield code="a">Hackman, George Gottlob</subfield><subfield code="0">(IDREF)146835999</subfield><subfield code="4">cre</subfield></datafield><datafield ind1="1" ind2="0" tag="245"><subfield code="a">Sumerian and Akkadian administrative texts from predynastic times to the end of the Akkad dynasty</subfield><subfield code="c">by George Gottlob Hackman ; with an introd. by Ferris J. Stephens</subfield></datafield><datafield ind1=" " ind2="1" tag="264"><subfield code="a">New Haven</subfield><subfield code="b">Yale University Press</subfield><subfield code="c">1958</subfield></datafield><datafield ind1=" " ind2=" " tag="300"><subfield code="a">VI, 62, CLX p.</subfield><subfield code="b">ill.</subfield><subfield code="c">29 cm</subfield></datafield><datafield ind1=" " ind2=" " tag="336"><subfield code="b">txt</subfield><subfield code="2">rdacontent</subfield></datafield><datafield ind1=" " ind2=" " tag="337"><subfield code="b">n</subfield><subfield code="2">rdamedia</subfield></datafield><datafield ind1=" " ind2=" " tag="338"><subfield code="b">nc</subfield><subfield code="2">rdacarrier</subfield></datafield><datafield ind1="1" ind2=" " tag="490"><subfield code="a">Babylonian inscriptions in the collection of James B. Nies, Yale University</subfield><subfield code="v">8</subfield></datafield><datafield ind1="1" ind2=" " tag="700"><subfield code="a">Stephens, Ferris J.</subfield><subfield code="d">19..-....</subfield><subfield code="0">(IDREF)146836103</subfield></datafield><datafield ind1=" " ind2="0" tag="830"><subfield code="a">Babylonian inscriptions in the collection of James B. Nies, Yale University</subfield><subfield code="v">8</subfield><subfield code="w">(RERO)1254862-41slsp</subfield></datafield><datafield ind1=" " ind2=" " tag="900"><subfield code="a">REROnoselfmerge</subfield></datafield></record>
</metadata></record>