<record><header><identifier>oai:alma.41SLSP_UGE:991000004849705502</identifier><datestamp>2023-03-01T01:08:57Z</datestamp><setSpec>uge_cmu_RapidILL_JOURNAL</setSpec><setSpec>uge_aobs_RapidILL_JOURNAL</setSpec><setSpec>uge_aaca_RapidILL_JOURNAL</setSpec><setSpec>uge_abbat_RapidILL_JOURNAL</setSpec><setSpec>uge_bcen_RapidILL_JOURNAL</setSpec><setSpec>uge_mail_RapidILL_JOURNAL</setSpec><setSpec>uge_dbu_RapidILL_JOURNAL</setSpec><setSpec>UNIGE_ALL</setSpec><setSpec>uge_abels_RapidILL_JOURNAL</setSpec><setSpec>uge_acar_RapidILL_JOURNAL</setSpec></header><metadata>
<record xmlns="http://www.loc.gov/MARC21/slim" xmlns:xsi="http://www.w3.org/2001/XMLSchema-instance" xsi:schemaLocation="http://www.loc.gov/MARC21/slim http://www.loc.gov/standards/marcxml/schema/MARC21slim.xsd"><leader>03052nas a2200589 c 4500</leader><controlfield tag="001">991000004849705502</controlfield><controlfield tag="005">20230119191319.0</controlfield><controlfield tag="008">201011d18551965it || p|      0   ||ita|d</controlfield><datafield ind1="7" ind2=" " tag="016"><subfield code="a">123128-5</subfield><subfield code="2">ZDB</subfield></datafield><datafield ind1=" " ind2=" " tag="022"><subfield code="a">1827-6121</subfield></datafield><datafield ind1=" " ind2=" " tag="022"><subfield code="a">0029-6341</subfield></datafield><datafield ind1=" " ind2=" " tag="035"><subfield code="a">(swissbib)22026676X-41slsp_network</subfield></datafield><datafield ind1=" " ind2=" " tag="035"><subfield code="a">22026676X</subfield><subfield code="9">ExL</subfield></datafield><datafield ind1=" " ind2=" " tag="035"><subfield code="a">(NEBIS)000003781EBI01</subfield></datafield><datafield ind1=" " ind2=" " tag="035"><subfield code="a">(RERO)0296571-41slsp</subfield></datafield><datafield ind1=" " ind2=" " tag="035"><subfield code="a">(IDSBB)000111208DSV01</subfield></datafield><datafield ind1=" " ind2=" " tag="035"><subfield code="a">(EXLNZ-41SLSP_NETWORK)991015173049705501</subfield></datafield><datafield ind1=" " ind2=" " tag="040"><subfield code="a">ETH-BIB</subfield><subfield code="b">ger</subfield><subfield code="e">ETHICS-ISBD</subfield><subfield code="d">CH-ZuSLS</subfield></datafield><datafield ind1="0" ind2=" " tag="041"><subfield code="a">ita</subfield><subfield code="a">eng</subfield></datafield><datafield ind1=" " ind2="7" tag="072"><subfield code="a">py</subfield><subfield code="2">rero</subfield></datafield><datafield ind1=" " ind2="7" tag="072"><subfield code="a">py</subfield><subfield code="2">SzZuIDS BS/BE</subfield></datafield><datafield ind1="1" ind2="4" tag="082"><subfield code="a">530</subfield><subfield code="2">15</subfield></datafield><datafield ind1="0" ind2=" " tag="210"><subfield code="a">Nuovo cim.</subfield><subfield code="b">Testo stamp.</subfield></datafield><datafield ind1="1" ind2="0" tag="210"><subfield code="a">Nuovo Cimento</subfield></datafield><datafield ind1="0" ind2="0" tag="245"><subfield code="a">&lt;&lt;Il&gt;&gt; nuovo cimento</subfield><subfield code="b">organo della Società Italiana di Fisica</subfield></datafield><datafield ind1=" " ind2="1" tag="264"><subfield code="a">Bologna</subfield><subfield code="b">Editrice Compositori</subfield><subfield code="a">[Online:] [s.l.]</subfield><subfield code="b">Springer</subfield></datafield><datafield ind1=" " ind2=" " tag="300"><subfield code="c">26 cm [puis] 25 cm</subfield></datafield><datafield ind1=" " ind2=" " tag="336"><subfield code="b">txt</subfield><subfield code="2">rdacontent</subfield></datafield><datafield ind1=" " ind2=" " tag="337"><subfield code="b">n</subfield><subfield code="2">rdamedia</subfield></datafield><datafield ind1=" " ind2=" " tag="338"><subfield code="b">nc</subfield><subfield code="2">rdacarrier</subfield></datafield><datafield ind1="0" ind2=" " tag="362"><subfield code="a">Anno 1, t. 1 (1855)-anno 14, t. 28 (1867/68) ; ser. 2, anno 15, t. 1 (1869)-ser. 2, anno 22, t. 16 (1876) ; ser. 3, anno, 23, t. 1 (1877)-ser. 3, anno 40, t. 36 (1894) ; ser. 4, anno 41, t. 1 (1895)-ser. 3, anno, 46, t. 12 (1900) ; ser. 5, anno 47, t. 1 (1901)-ser. 5, anno 56, t. 20 (1910) ; ser. 6, anno 57, t. 1 (1911)-ser. 6, anno 68, t. 24 (1922) ; ser. 7, anno 69, t. 25 (1923)-ser. 7, anno 69, t. 26 (1923) ; n.s. [=ser. 8], anno 1 (1924)-n.s. anno 19 (1942) ; ser. 9, [anno 89], vol. 1 (1943)-ser. 9, anno 100, vol. 12 (1954) ; ser. 10, anno 101, vol. 1 (1955)-ser. 10, anno 111, vol. 39 (ott. 1965)</subfield></datafield><datafield ind1=" " ind2=" " tag="500"><subfield code="a">Ursprüngl. Impressum: Torino: G.B. Paravia</subfield></datafield><datafield ind1=" " ind2=" " tag="500"><subfield code="a">Ab Ser. 10, vol. 40 (1965) Teilung in Unterreihen</subfield></datafield><datafield ind1=" " ind2=" " tag="500"><subfield code="a">Verlagsort wechselnd</subfield></datafield><datafield ind1=" " ind2=" " tag="500"><subfield code="a">Parallel zur Zählung mit Serie und Vol. sind die Jahrgänge auch mit Anno 1 - Anno 111 bezeichnet</subfield></datafield><datafield ind1=" " ind2=" " tag="580"><subfield code="a">Devient: Il Nuovo cimento. Sezione A. Et devient : Il Nuovo cimento. Sezione B</subfield></datafield><datafield ind1=" " ind2=" " tag="580"><subfield code="a">A pour suppl.: Supplemento al Nuovo cimento</subfield></datafield><datafield ind1=" " ind2="7" tag="650"><subfield code="a">KERNPHYSIK, ATOMPHYSIK, MOLEKÜLPHYSIK</subfield><subfield code="9">ger</subfield><subfield code="0">(ETHUDK)000015289</subfield><subfield code="2">ethudk</subfield></datafield><datafield ind1=" " ind2="7" tag="650"><subfield code="a">Physique</subfield><subfield code="0">(IDREF)027247015</subfield><subfield code="2">idref</subfield></datafield><datafield ind1=" " ind2="7" tag="650"><subfield code="a">Physik</subfield><subfield code="v">Zeitschrift</subfield><subfield code="2">idsbb</subfield></datafield><datafield ind1=" " ind2="7" tag="655"><subfield code="a">Périodiques</subfield><subfield code="0">(IDREF)02724640X</subfield><subfield code="2">idref</subfield></datafield><datafield ind1=" " ind2="7" tag="655"><subfield code="a">Zeitschrift</subfield><subfield code="2">gnd-content</subfield></datafield><datafield ind1=" " ind2=" " tag="690"><subfield code="a">53</subfield><subfield code="d">Physik (Allgemein)</subfield><subfield code="2">uzb-UK</subfield></datafield><datafield ind1="2" ind2=" " tag="710"><subfield code="a">Società italiana di fisica</subfield><subfield code="0">(DE-588)1011890-1</subfield><subfield code="6">880-02</subfield></datafield><datafield ind1="2" ind2=" " tag="880"><subfield code="6">710-02</subfield><subfield code="a">Società italiana di fisica</subfield><subfield code="0">(IDREF)031598153</subfield></datafield><datafield ind1="0" ind2="0" tag="785"><subfield code="t">Nuovo cimento : rivista internazionale e organo della Società italiana di fisica. Sez. B</subfield><subfield code="w">(RERO)0296573-41slsp</subfield></datafield><datafield ind1="0" ind2="0" tag="780"><subfield code="t">&lt;&lt;Il&gt;&gt; cimento</subfield><subfield code="w">(NEBIS)006055211EBI01</subfield></datafield><datafield ind1="0" ind2="0" tag="785"><subfield code="t">Il nuovo cimento. B</subfield><subfield code="w">(swissbib)12689230X-41slsp_network</subfield></datafield><datafield ind1="0" ind2="0" tag="785"><subfield code="t">Il nuovo cimento. A</subfield><subfield code="w">(swissbib)019734980-41slsp_network</subfield></datafield><datafield ind1="0" ind2="8" tag="776"><subfield code="i">Erscheint auch als Online-Ausgabe</subfield><subfield code="t">&lt;&lt;Il&gt;&gt; nuovo cimento</subfield></datafield><datafield ind1="0" ind2="0" tag="785"><subfield code="t">Nuovo cimento : rivista internazionale e organo della Società italiana di fisica. Sez. A</subfield><subfield code="w">(RERO)0296572-41slsp</subfield></datafield><datafield ind1=" " ind2=" " tag="900"><subfield code="a">NEBISnoselfmerge</subfield></datafield><datafield ind1=" " ind2=" " tag="900"><subfield code="a">REROnoselfmerge</subfield></datafield></record>
</metadata></record>