<record><header><identifier>oai:alma.41SLSP_UGE:991000004329705502</identifier><datestamp>2023-03-01T01:08:57Z</datestamp><setSpec>uge_bcen_RapidILL_BOOK</setSpec><setSpec>uge_aaca_RapidILL_BOOK</setSpec><setSpec>uge_abels_RapidILL_BOOK</setSpec><setSpec>uge_dbu_RapidILL_BOOK</setSpec><setSpec>uge_cmu_RapidILL_BOOK</setSpec><setSpec>uge_mail_RapidILL_BOOK</setSpec><setSpec>UNIGE_ALL</setSpec><setSpec>uge_abbat_RapidILL_BOOK</setSpec><setSpec>uge_aobs_RapidILL_BOOK</setSpec><setSpec>uge_acar_RapidILL_BOOK</setSpec></header><metadata>
<record xmlns="http://www.loc.gov/MARC21/slim" xmlns:xsi="http://www.w3.org/2001/XMLSchema-instance" xsi:schemaLocation="http://www.loc.gov/MARC21/slim http://www.loc.gov/standards/marcxml/schema/MARC21slim.xsd"><leader>02089nam a2200433 c 4500</leader><controlfield tag="001">991000004329705502</controlfield><controlfield tag="005">20201222221451.0</controlfield><controlfield tag="008">130424r19751870nyu||||| |||| 00| ||eng d</controlfield><datafield ind1=" " ind2=" " tag="035"><subfield code="a">(swissbib)117271934-41slsp_network</subfield></datafield><datafield ind1=" " ind2=" " tag="035"><subfield code="a">117271934</subfield><subfield code="9">ExL</subfield></datafield><datafield ind1=" " ind2=" " tag="035"><subfield code="a">(RERO)R007283958-41slsp</subfield></datafield><datafield ind1=" " ind2=" " tag="035"><subfield code="a">(EXLNZ-41SLSP_NETWORK)991074082269705501</subfield></datafield><datafield ind1=" " ind2=" " tag="040"><subfield code="a">Nz</subfield><subfield code="d">CH-ZuSLS</subfield></datafield><datafield ind1="1" ind2="4" tag="050"><subfield code="a">PR1119</subfield><subfield code="b">.E5 no.10 1975</subfield></datafield><datafield ind1=" " ind2="7" tag="072"><subfield code="a">an</subfield><subfield code="2">rero</subfield></datafield><datafield ind1="0" ind2="4" tag="082"><subfield code="a">940.232</subfield><subfield code="2">19</subfield></datafield><datafield ind1="1" ind2=" " tag="100"><subfield code="a">Boorde, Andrew</subfield><subfield code="d">ca. 1490-1549</subfield><subfield code="0">(RERO)A022797442</subfield><subfield code="4">cre</subfield></datafield><datafield ind1="1" ind2="0" tag="245"><subfield code="a">Andrew Boorde's introduction and dyetary, with Barnes in the defence of the berde</subfield><subfield code="c">edited by F.J. Furnivall</subfield></datafield><datafield ind1="1" ind2=" " tag="246"><subfield code="a">Barnes in the defence of the berde</subfield></datafield><datafield ind1="1" ind2=" " tag="246"><subfield code="a">Introduction and dietary</subfield></datafield><datafield ind1=" " ind2="1" tag="264"><subfield code="a">Millwood, N.Y.</subfield><subfield code="b">Kraus Reprint</subfield><subfield code="c">1975</subfield></datafield><datafield ind1=" " ind2=" " tag="300"><subfield code="a">396 p.</subfield><subfield code="c">24 cm.</subfield></datafield><datafield ind1=" " ind2=" " tag="336"><subfield code="b">txt</subfield><subfield code="2">rdacontent</subfield></datafield><datafield ind1=" " ind2=" " tag="337"><subfield code="b">n</subfield><subfield code="2">rdamedia</subfield></datafield><datafield ind1=" " ind2=" " tag="338"><subfield code="b">nc</subfield><subfield code="2">rdacarrier</subfield></datafield><datafield ind1="1" ind2=" " tag="490"><subfield code="a">Extra series / Early English Text Society</subfield><subfield code="v">no. 10</subfield></datafield><datafield ind1=" " ind2=" " tag="500"><subfield code="a">&quot;The fyrst boke of the introduction of knowledge, made by Andrew Boorde. A compendyous regyment or a dyetary of helth made in Mountpylier, compyled by Andrewe Boorde. Barnes in the defence of the berde : a treattyse, made, answerynge the treatyse of Doctor Boorde upon berdes. Edited, with a life of Andrew Boorde, and large extracts from his breuyary, by F.J. Furnivall&quot;--Original t.p</subfield></datafield><datafield ind1=" " ind2=" " tag="500"><subfield code="a">Reprint. Originally published: London : Kegan Paul, Trench, Trübner &amp; Co., 1870</subfield></datafield><datafield ind1=" " ind2=" " tag="504"><subfield code="a">Includes bibliographical references and index.</subfield></datafield><datafield ind1="1" ind2="0" tag="600"><subfield code="a">Boorde, Andrew</subfield><subfield code="d">1490?-1549</subfield></datafield><datafield ind1=" " ind2="0" tag="650"><subfield code="a">Beards</subfield><subfield code="v">Poetry</subfield></datafield><datafield ind1=" " ind2="0" tag="650"><subfield code="a">Diet</subfield><subfield code="v">Early works to 1800</subfield></datafield><datafield ind1=" " ind2="0" tag="651"><subfield code="a">Europe</subfield><subfield code="x">Social life and customs</subfield><subfield code="v">Early works to 1800</subfield></datafield><datafield ind1="1" ind2=" " tag="700"><subfield code="a">Furnivall, Frederick James</subfield><subfield code="d">1825-1910</subfield><subfield code="0">(IDREF)032573693</subfield></datafield><datafield ind1="1" ind2="2" tag="700"><subfield code="a">Boorde, Andrew</subfield><subfield code="d">ca. 1490-1549</subfield><subfield code="t">Compendyous regyment, or, A dyetary of helth</subfield></datafield><datafield ind1="1" ind2="2" tag="700"><subfield code="a">Clowte, Collyn</subfield><subfield code="t">Treatise answerynge the boke of berdes</subfield></datafield><datafield ind1="1" ind2=" " tag="700"><subfield code="a">Clowte, Collyn</subfield></datafield><datafield ind1=" " ind2=" " tag="830"><subfield code="a">Early English Text Society</subfield><subfield code="p">Extra series</subfield><subfield code="v">10</subfield><subfield code="w">(RERO)0004362-41slsp</subfield></datafield><datafield ind1=" " ind2=" " tag="900"><subfield code="a">REROnoselfmerge</subfield></datafield><datafield ind1=" " ind2=" " tag="910"><subfield code="a">OCoLC</subfield><subfield code="b">20130424</subfield><subfield code="c">Droits réservés</subfield></datafield></record>
</metadata></record>