<record><header><identifier>oai:alma.41SLSP_UGE:991000005159705502</identifier><datestamp>2024-06-26T00:10:56Z</datestamp><setSpec>uge_bcen_RapidILL_BOOK</setSpec><setSpec>uge_aaca_RapidILL_BOOK</setSpec><setSpec>uge_abels_RapidILL_BOOK</setSpec><setSpec>uge_dbu_RapidILL_BOOK</setSpec><setSpec>uge_cmu_RapidILL_BOOK</setSpec><setSpec>uge_mail_RapidILL_BOOK</setSpec><setSpec>uge_abbat_RapidILL_BOOK</setSpec><setSpec>UNIGE_ALL</setSpec><setSpec>uge_aobs_RapidILL_BOOK</setSpec><setSpec>uge_acar_RapidILL_BOOK</setSpec></header><metadata>
<record xmlns="http://www.loc.gov/MARC21/slim" xmlns:xsi="http://www.w3.org/2001/XMLSchema-instance" xsi:schemaLocation="http://www.loc.gov/MARC21/slim http://www.loc.gov/standards/marcxml/schema/MARC21slim.xsd"><leader>01983nam a2200553 c 4500</leader><controlfield tag="001">991000005159705502</controlfield><controlfield tag="005">20240625134152.0</controlfield><controlfield tag="008">120709s2012    sz ||||| |||| 00| ||ger d</controlfield><datafield ind1=" " ind2=" " tag="020"><subfield code="a">9783725563739</subfield></datafield><datafield ind1=" " ind2=" " tag="035"><subfield code="a">(swissbib)116159766-41slsp_network</subfield></datafield><datafield ind1=" " ind2=" " tag="035"><subfield code="a">116159766</subfield><subfield code="9">ExL</subfield></datafield><datafield ind1=" " ind2=" " tag="035"><subfield code="a">(RERO)R007101150-41slsp</subfield></datafield><datafield ind1=" " ind2=" " tag="035"><subfield code="a">(ALEX)bv001478135</subfield></datafield><datafield ind1=" " ind2=" " tag="035"><subfield code="a">(EXLNZ-41SLSP_NETWORK)991115743049705501</subfield></datafield><datafield ind1=" " ind2=" " tag="040"><subfield code="a">RERO iftfla</subfield><subfield code="d">CH-ZuSLS</subfield></datafield><datafield ind1=" " ind2=" " tag="044"><subfield code="a">sz</subfield><subfield code="c">ch-zh</subfield></datafield><datafield ind1=" " ind2="7" tag="072"><subfield code="a">dr</subfield><subfield code="2">rero</subfield></datafield><datafield ind1="1" ind2=" " tag="080"><subfield code="a">347(494)(094.5)</subfield></datafield><datafield ind1="7" ind2="4" tag="082"><subfield code="a">340</subfield><subfield code="2">22sdnb</subfield></datafield><datafield ind1=" " ind2=" " tag="084"><subfield code="a">CA/CH 63 b</subfield><subfield code="2">cjurrom</subfield></datafield><datafield ind1=" " ind2=" " tag="084"><subfield code="a">CA/CH 71 b</subfield><subfield code="2">cjurrom</subfield></datafield><datafield ind1=" " ind2=" " tag="084"><subfield code="a">CA/CH 26 b</subfield><subfield code="2">cjurrom</subfield></datafield><datafield ind1=" " ind2=" " tag="084"><subfield code="a">PU 2610</subfield><subfield code="2">rvk</subfield></datafield><datafield ind1=" " ind2=" " tag="084"><subfield code="a">PU 2625</subfield><subfield code="2">rvk</subfield></datafield><datafield ind1="0" ind2="0" tag="245"><subfield code="a">Erbrecht</subfield><subfield code="c">Hrsg.: Peter Breitschmid ... [et al.]</subfield></datafield><datafield ind1="1" ind2=" " tag="246"><subfield code="a">Art. 457-640 ZGB</subfield></datafield><datafield ind1=" " ind2=" " tag="250"><subfield code="a">2. Aufl.</subfield></datafield><datafield ind1=" " ind2="1" tag="264"><subfield code="a">Zürich</subfield><subfield code="b">Schulthess</subfield><subfield code="c">2012</subfield></datafield><datafield ind1=" " ind2=" " tag="300"><subfield code="a">429 S.</subfield></datafield><datafield ind1=" " ind2=" " tag="336"><subfield code="b">txt</subfield><subfield code="2">rdacontent</subfield></datafield><datafield ind1=" " ind2=" " tag="337"><subfield code="b">n</subfield><subfield code="2">rdamedia</subfield></datafield><datafield ind1=" " ind2=" " tag="338"><subfield code="b">nc</subfield><subfield code="2">rdacarrier</subfield></datafield><datafield ind1="1" ind2=" " tag="490"><subfield code="a">Handkommentar zum Schweizer Privatrecht</subfield><subfield code="v">[2]</subfield></datafield><datafield ind1=" " ind2=" " tag="500"><subfield code="a">Titre du dos: Art. 457-640 ZGB</subfield></datafield><datafield ind1=" " ind2=" " tag="500"><subfield code="a">Sachregister</subfield></datafield><datafield ind1=" " ind2=" " tag="504"><subfield code="a">Literaturverz.</subfield></datafield><datafield ind1=" " ind2="7" tag="650"><subfield code="a">Zivilrecht</subfield><subfield code="9">ger</subfield><subfield code="0">(RERO)jurivoc000027113ger</subfield><subfield code="2">jurivoc</subfield></datafield><datafield ind1=" " ind2="7" tag="650"><subfield code="a">Erbrecht</subfield><subfield code="9">ger</subfield><subfield code="0">(RERO)jurivoc000007113ger</subfield><subfield code="2">jurivoc</subfield></datafield><datafield ind1=" " ind2="7" tag="650"><subfield code="a">Zivilgesetzbuch</subfield><subfield code="9">ger</subfield><subfield code="0">(RERO)jurivoc000027104ger</subfield><subfield code="2">jurivoc</subfield></datafield><datafield ind1=" " ind2="7" tag="650"><subfield code="a">successions (droit)</subfield><subfield code="0">(RERO)A009984704</subfield><subfield code="2">rerovoc</subfield></datafield><datafield ind1=" " ind2="7" tag="651"><subfield code="a">Schweiz</subfield><subfield code="9">ger</subfield><subfield code="0">(RERO)jurivoc000019912ger</subfield><subfield code="2">jurivoc</subfield></datafield><datafield ind1=" " ind2="7" tag="651"><subfield code="a">Suisse</subfield><subfield code="0">(IDREF)027249654</subfield><subfield code="2">idref</subfield></datafield><datafield ind1=" " ind2="7" tag="655"><subfield code="a">Textreproduktion</subfield><subfield code="9">ger</subfield><subfield code="2">jurivoc</subfield></datafield><datafield ind1=" " ind2="7" tag="655"><subfield code="a">Kommentar(Werk)</subfield><subfield code="9">ger</subfield><subfield code="2">jurivoc</subfield></datafield><datafield ind1=" " ind2="7" tag="655"><subfield code="a">Manuels d'enseignement</subfield><subfield code="0">(IDREF)027446514</subfield><subfield code="2">idref</subfield></datafield><datafield ind1="1" ind2=" " tag="700"><subfield code="6">880-01</subfield><subfield code="a">Breitschmid, Peter</subfield><subfield code="d">1953-....</subfield><subfield code="0">(IDREF)056884559</subfield></datafield><datafield ind1="1" ind2=" " tag="880"><subfield code="6">700-01/(B</subfield><subfield code="a">Breitschmid, Peter</subfield><subfield code="d">1953-</subfield><subfield code="4">edt</subfield><subfield code="0">(DE-588)1024501078</subfield></datafield><datafield ind1="1" ind2=" " tag="710"><subfield code="a">Schweiz</subfield><subfield code="0">(DE-588)4053881-3</subfield></datafield><datafield ind1=" " ind2="0" tag="830"><subfield code="a">Handkommentar zum Schweizer Privatrecht</subfield><subfield code="v">[2]</subfield><subfield code="w">(ALEX)bv001478127</subfield></datafield><datafield ind1=" " ind2=" " tag="906"><subfield code="a">IZUBE/IZK/ch</subfield><subfield code="b">zComplexDuplicate</subfield><subfield code="c">20240605</subfield><subfield code="d">991072235329705501</subfield></datafield></record>
</metadata></record>