<record><header><identifier>oai:alma.41SLSP_UGE:991000004739705502</identifier><datestamp>2023-03-01T01:08:57Z</datestamp><setSpec>uge_bcen_RapidILL_BOOK</setSpec><setSpec>uge_aaca_RapidILL_BOOK</setSpec><setSpec>uge_abels_RapidILL_BOOK</setSpec><setSpec>uge_dbu_RapidILL_BOOK</setSpec><setSpec>uge_cmu_RapidILL_BOOK</setSpec><setSpec>uge_mail_RapidILL_BOOK</setSpec><setSpec>UNIGE_ALL</setSpec><setSpec>uge_abbat_RapidILL_BOOK</setSpec><setSpec>uge_aobs_RapidILL_BOOK</setSpec><setSpec>uge_acar_RapidILL_BOOK</setSpec></header><metadata>
<record xmlns="http://www.loc.gov/MARC21/slim" xmlns:xsi="http://www.w3.org/2001/XMLSchema-instance" xsi:schemaLocation="http://www.loc.gov/MARC21/slim http://www.loc.gov/standards/marcxml/schema/MARC21slim.xsd"><leader>01727nam a2200469 c 4500</leader><controlfield tag="001">991000004739705502</controlfield><controlfield tag="005">20201230222151.0</controlfield><controlfield tag="008">201011s2003    it ||||| |||| 00| ||ita d</controlfield><datafield ind1=" " ind2=" " tag="020"><subfield code="a">8884760380</subfield><subfield code="q">brossura</subfield></datafield><datafield ind1=" " ind2=" " tag="020"><subfield code="a">8884760372</subfield><subfield code="q">rilegato</subfield></datafield><datafield ind1=" " ind2=" " tag="035"><subfield code="a">(swissbib)224777203-41slsp_network</subfield></datafield><datafield ind1=" " ind2=" " tag="035"><subfield code="a">224777203</subfield><subfield code="9">ExL</subfield></datafield><datafield ind1=" " ind2=" " tag="035"><subfield code="a">(RERO)R003742386-41slsp</subfield></datafield><datafield ind1=" " ind2=" " tag="035"><subfield code="a">(IDSBB)003258997DSV01</subfield></datafield><datafield ind1=" " ind2=" " tag="035"><subfield code="a">(NEBIS)004685075EBI01</subfield></datafield><datafield ind1=" " ind2=" " tag="035"><subfield code="a">(EXLNZ-41SLSP_NETWORK)991055685029705501</subfield></datafield><datafield ind1=" " ind2=" " tag="040"><subfield code="a">RERO labcud</subfield><subfield code="d">CH-ZuSLS</subfield></datafield><datafield ind1=" " ind2="7" tag="072"><subfield code="a">gr</subfield><subfield code="2">rero</subfield></datafield><datafield ind1=" " ind2="7" tag="072"><subfield code="a">kp</subfield><subfield code="2">SzZuIDS BS/BE</subfield></datafield><datafield ind1="1" ind2=" " tag="080"><subfield code="a">875PINDA8</subfield></datafield><datafield ind1="0" ind2="0" tag="082"><subfield code="a">884.01</subfield></datafield><datafield ind1="1" ind2="4" tag="082"><subfield code="a">884</subfield><subfield code="2">12</subfield></datafield><datafield ind1=" " ind2=" " tag="084"><subfield code="a">FH 22180</subfield><subfield code="2">rvk</subfield></datafield><datafield ind1="1" ind2=" " tag="100"><subfield code="6">880-01</subfield><subfield code="a">Loscalzo, Donato</subfield><subfield code="0">(IDREF)070506280</subfield><subfield code="4">cre</subfield></datafield><datafield ind1="1" ind2=" " tag="880"><subfield code="a">Loscalzo, Donato</subfield><subfield code="0">(DE-588)141513845</subfield><subfield code="6">100-01</subfield></datafield><datafield ind1="1" ind2="0" tag="245"><subfield code="a">&lt;&lt;La&gt;&gt; parola inestinguibile</subfield><subfield code="b">studi sull'epinicio pindarico</subfield><subfield code="c">Donato Loscalzo</subfield></datafield><datafield ind1=" " ind2="1" tag="264"><subfield code="a">Roma</subfield><subfield code="b">Ed. dell'Ateneo</subfield><subfield code="c">2003</subfield></datafield><datafield ind1=" " ind2=" " tag="300"><subfield code="a">174 p.</subfield><subfield code="c">23 cm</subfield></datafield><datafield ind1=" " ind2=" " tag="336"><subfield code="b">txt</subfield><subfield code="2">rdacontent</subfield></datafield><datafield ind1=" " ind2=" " tag="337"><subfield code="b">n</subfield><subfield code="2">rdamedia</subfield></datafield><datafield ind1=" " ind2=" " tag="338"><subfield code="b">nc</subfield><subfield code="2">rdacarrier</subfield></datafield><datafield ind1="1" ind2=" " tag="490"><subfield code="a">Filologia e critica</subfield><subfield code="v">90</subfield></datafield><datafield ind1=" " ind2=" " tag="500"><subfield code="a">Collected writings, 1 already publ. and now revised</subfield></datafield><datafield ind1=" " ind2=" " tag="504"><subfield code="a">Includes bibliographical references</subfield></datafield><datafield ind1="0" ind2="7" tag="600"><subfield code="a">Pindare</subfield><subfield code="d">0518-0438 av. J.-C.</subfield><subfield code="t">Épinicies</subfield><subfield code="0">(IDREF)027336751</subfield><subfield code="2">idref</subfield></datafield><datafield ind1="0" ind2="7" tag="600"><subfield code="a">Pindarus</subfield><subfield code="2">idsbb</subfield></datafield><datafield ind1="0" ind2="7" tag="600"><subfield code="a">Pindar; Epinikia</subfield><subfield code="2">idszbz</subfield></datafield><datafield ind1="0" ind2="7" tag="600"><subfield code="a">Pindarus</subfield><subfield code="d">ca. 522 oder 518 v. Chr.-446 v. Chr.</subfield><subfield code="0">(DE-588)118594427</subfield><subfield code="2">gnd</subfield></datafield><datafield ind1="0" ind2="0" tag="600"><subfield code="a">Pindar</subfield><subfield code="x">Criticism and interpretation</subfield></datafield><datafield ind1=" " ind2=" " tag="830"><subfield code="a">Filologia e critica</subfield><subfield code="v">90</subfield><subfield code="w">(IDSBB)000016270DSV01</subfield></datafield><datafield ind1=" " ind2=" " tag="830"><subfield code="a">Filologia e critica</subfield><subfield code="p">GEI Gruppo Editoriale Internazionale</subfield><subfield code="v">90</subfield><subfield code="w">(NEBIS)000987747EBI01</subfield></datafield><datafield ind1=" " ind2=" " tag="900"><subfield code="a">REROnoselfmerge</subfield></datafield><datafield ind1=" " ind2=" " tag="900"><subfield code="a">IDSZ2zbzmon200403f</subfield><subfield code="c">IDSZ2haab</subfield><subfield code="d">IDSZ2zbzswk200408b</subfield><subfield code="e">IDSZ2seid</subfield></datafield></record>
</metadata></record>