<record><header><identifier>oai:alma.41SLSP_UGE:991000004319705502</identifier><datestamp>2023-10-14T01:47:57Z</datestamp><setSpec>uge_bcen_RapidILL_BOOK</setSpec><setSpec>uge_aaca_RapidILL_BOOK</setSpec><setSpec>uge_abels_RapidILL_BOOK</setSpec><setSpec>uge_dbu_RapidILL_BOOK</setSpec><setSpec>uge_cmu_RapidILL_BOOK</setSpec><setSpec>uge_mail_RapidILL_BOOK</setSpec><setSpec>uge_abbat_RapidILL_BOOK</setSpec><setSpec>UNIGE_ALL</setSpec><setSpec>uge_aobs_RapidILL_BOOK</setSpec><setSpec>uge_acar_RapidILL_BOOK</setSpec></header><metadata>
<record xmlns="http://www.loc.gov/MARC21/slim" xmlns:xsi="http://www.w3.org/2001/XMLSchema-instance" xsi:schemaLocation="http://www.loc.gov/MARC21/slim http://www.loc.gov/standards/marcxml/schema/MARC21slim.xsd"><leader>02844nam a2200733uc 4500</leader><controlfield tag="001">991000004319705502</controlfield><controlfield tag="005">20230407055310.0</controlfield><controlfield tag="008">201011t19941994gw            10| | ger d</controlfield><datafield ind1=" " ind2=" " tag="015"><subfield code="a">93,N43,0596</subfield></datafield><datafield ind1=" " ind2=" " tag="020"><subfield code="a">3860571303</subfield><subfield code="q">kart.</subfield></datafield><datafield ind1=" " ind2=" " tag="035"><subfield code="a">(swissbib)228852374-41slsp_network</subfield></datafield><datafield ind1=" " ind2=" " tag="035"><subfield code="a">228852374</subfield><subfield code="9">ExL</subfield></datafield><datafield ind1=" " ind2=" " tag="035"><subfield code="a">(IDSBB)001014909DSV01</subfield></datafield><datafield ind1=" " ind2=" " tag="035"><subfield code="a">(RERO)1894766-41slsp</subfield></datafield><datafield ind1=" " ind2=" " tag="035"><subfield code="a">(NEBIS)001329992EBI01</subfield></datafield><datafield ind1=" " ind2=" " tag="035"><subfield code="a">(IDSLU)000178498ILU01</subfield></datafield><datafield ind1=" " ind2=" " tag="035"><subfield code="a">(IDSSG)000080583HSB01</subfield></datafield><datafield ind1=" " ind2=" " tag="035"><subfield code="a">(EXLNZ-41SLSP_NETWORK)991012762809705501</subfield></datafield><datafield ind1=" " ind2=" " tag="040"><subfield code="a">SzZuIDS BS/BE B410</subfield><subfield code="b">ger</subfield><subfield code="e">kids</subfield><subfield code="d">CH-ZuSLS</subfield></datafield><datafield ind1=" " ind2="7" tag="072"><subfield code="a">nd</subfield><subfield code="2">SzZuIDS BS/BE</subfield></datafield><datafield ind1=" " ind2="7" tag="072"><subfield code="a">al</subfield><subfield code="2">rero</subfield></datafield><datafield ind1=" " ind2="7" tag="072"><subfield code="a">520</subfield><subfield code="2">IDS LU</subfield></datafield><datafield ind1="0" ind2="0" tag="082"><subfield code="a">831/.914</subfield><subfield code="2">20</subfield></datafield><datafield ind1="0" ind2="4" tag="082"><subfield code="a">831 .914</subfield><subfield code="2">20</subfield></datafield><datafield ind1="1" ind2="4" tag="082"><subfield code="a">831.91</subfield><subfield code="2">22</subfield></datafield><datafield ind1="1" ind2="4" tag="082"><subfield code="a">830</subfield><subfield code="2">15</subfield></datafield><datafield ind1=" " ind2=" " tag="084"><subfield code="a">GN 8798</subfield><subfield code="2">rvk</subfield></datafield><datafield ind1="0" ind2="0" tag="245"><subfield code="a">Nelly Sachs</subfield><subfield code="b">neue Interpretationen</subfield><subfield code="c">Michael Kessler, Jürgen Wertheimer (Hrsg.) ; mit Briefen und Erläuterungen der Autorin zu ihren Gedichten im Anhang</subfield></datafield><datafield ind1="1" ind2=" " tag="246"><subfield code="a">Sachs</subfield></datafield><datafield ind1=" " ind2="1" tag="264"><subfield code="a">Tübingen</subfield><subfield code="b">Stauffenburg Verl.</subfield><subfield code="c">[1994]</subfield></datafield><datafield ind1=" " ind2="4" tag="264"><subfield code="c">© 1994</subfield></datafield><datafield ind1=" " ind2=" " tag="300"><subfield code="a">XXII, 403 S.</subfield><subfield code="c">23 cm</subfield></datafield><datafield ind1=" " ind2=" " tag="336"><subfield code="b">txt</subfield><subfield code="2">rdacontent</subfield></datafield><datafield ind1=" " ind2=" " tag="337"><subfield code="b">n</subfield><subfield code="2">rdamedia</subfield></datafield><datafield ind1=" " ind2=" " tag="338"><subfield code="b">nc</subfield><subfield code="2">rdacarrier</subfield></datafield><datafield ind1="1" ind2=" " tag="490"><subfield code="a">Stauffenburg Colloquium</subfield><subfield code="v">Bd. 30</subfield></datafield><datafield ind1=" " ind2=" " tag="500"><subfield code="a">Enthält: Anhang 1: Briefe und Dokumente ; Anhang 2: Gedichte mit Erläuterungen</subfield></datafield><datafield ind1=" " ind2=" " tag="500"><subfield code="a">Beiträge des Hohenheimer Nelly-Sachs-Symposions von 1992</subfield></datafield><datafield ind1=" " ind2=" " tag="500"><subfield code="a">Enth.: Nelly Sachs : Gedicht und Verwandlung / Johannes Anderegg</subfield></datafield><datafield ind1=" " ind2=" " tag="504"><subfield code="a">Literaturverz.</subfield></datafield><datafield ind1=" " ind2=" " tag="504"><subfield code="a">Enthält Literaturangaben</subfield></datafield><datafield ind1="1" ind2="7" tag="600"><subfield code="a">Sachs, Nelly</subfield><subfield code="v">Kongressbericht</subfield><subfield code="2">idsbb</subfield></datafield><datafield ind1="1" ind2="7" tag="600"><subfield code="a">Sachs, Leonie</subfield><subfield code="d">1891-1970</subfield><subfield code="0">(IDREF)028482867</subfield><subfield code="2">idref</subfield></datafield><datafield ind1="1" ind2="7" tag="600"><subfield code="a">Richard, Lionel</subfield><subfield code="2">idszbz</subfield></datafield><datafield ind1="1" ind2="7" tag="600"><subfield code="a">Sachs, Nelly</subfield><subfield code="2">idszbz</subfield></datafield><datafield ind1="1" ind2="7" tag="600"><subfield code="a">Sachs, Nelly</subfield><subfield code="d">1891-1970</subfield><subfield code="0">(DE-588)118604627</subfield><subfield code="2">gnd</subfield></datafield><datafield ind1="1" ind2="0" tag="600"><subfield code="a">Sachs, Nelly</subfield><subfield code="x">Criticism and interpretation</subfield></datafield><datafield ind1=" " ind2="7" tag="650"><subfield code="a">Werk</subfield><subfield code="2">idszbz</subfield></datafield><datafield ind1=" " ind2="7" tag="655"><subfield code="a">Konferenzschrift</subfield><subfield code="z">Stuttgart-Hohenheim</subfield><subfield code="y">1992</subfield><subfield code="2">gnd-content</subfield></datafield><datafield ind1=" " ind2="7" tag="655"><subfield code="a">[Études diverses]</subfield><subfield code="0">(RERO)A022249905</subfield><subfield code="2">rero</subfield></datafield><datafield ind1=" " ind2="7" tag="655"><subfield code="a">Aufsatzsammlung</subfield><subfield code="2">idszbz</subfield></datafield><datafield ind1=" " ind2="7" tag="655"><subfield code="a">Briefsammlung</subfield><subfield code="2">idszbz</subfield></datafield><datafield ind1=" " ind2=" " tag="690"><subfield code="a">Sachs, Nelly</subfield><subfield code="2">uzb-UG</subfield></datafield><datafield ind1=" " ind2=" " tag="690"><subfield code="a">Kongress</subfield><subfield code="2">uzb-UG</subfield></datafield><datafield ind1=" " ind2=" " tag="690"><subfield code="a">Sachs, Nelly, B: Werk. Aufsätze</subfield><subfield code="2">rzs-L1</subfield></datafield><datafield ind1="1" ind2=" " tag="700"><subfield code="a">Sachs, Nelly</subfield><subfield code="0">(RERO)A003776926</subfield></datafield><datafield ind1="1" ind2=" " tag="700"><subfield code="a">Sachs, Nelly</subfield><subfield code="d">1891-1970</subfield><subfield code="0">(DE-588)118604627</subfield></datafield><datafield ind1="1" ind2=" " tag="700"><subfield code="a">Wertheimer, Jürgen</subfield><subfield code="d">1947-</subfield><subfield code="0">(DE-588)121398218</subfield></datafield><datafield ind1="1" ind2=" " tag="700"><subfield code="a">Kessler, Michael</subfield><subfield code="d">1944-</subfield><subfield code="0">(DE-588)1053955014</subfield><subfield code="4">edt</subfield><subfield code="6">880-03</subfield></datafield><datafield ind1="1" ind2=" " tag="880"><subfield code="a">Kessler, Michael</subfield><subfield code="0">(RERO)A003451272</subfield><subfield code="6">700-03</subfield></datafield><datafield ind1="2" ind2=" " tag="711"><subfield code="a">Hohenheimer Nelly-Sachs-Symposion</subfield><subfield code="0">(DE-588)1091611181</subfield></datafield><datafield ind1="0" ind2=" " tag="730"><subfield code="a">Sachs</subfield></datafield><datafield ind1="4" ind2=" " tag="856"><subfield code="3">Inhaltsverzeichnis</subfield><subfield code="u">http://www.ub.unibas.ch/tox/HBZ/HT006163957/PDF</subfield><subfield code="q">pdf</subfield></datafield><datafield ind1=" " ind2="0" tag="830"><subfield code="a">Stauffenburg Colloquium</subfield><subfield code="v">30</subfield><subfield code="w">(IDSSG)000283740HSB01</subfield></datafield><datafield ind1=" " ind2=" " tag="949"><subfield code="a">http://www.ub.unibas.ch/tox/HBZ/HT006163957/PDF</subfield></datafield></record>
</metadata></record>